4367 6084
859 676 987 747 630
1065 679 1156 746 L.
1200 673 1683 746 VALERIUS
1728 667 2158 737 FLACCUS
2205 696 2287 708 -·
2329 668 2438 734 Μ.
2485 669 2969 737 VALERIUS
3015 669 3494 740 MESSALA.

858 822 1153 882 Helvetiis
1198 819 1660 891 coniungerent.
1706 832 1759 868 a.
1804 831 1865 869 u.
1914 830 1967 868 c.
2026 814 2192 872 694.

862 900 939 957 ad
970 899 1097 954 Att.
1140 904 1210 962 1,
1244 897 1347 958 19,
1378 899 1430 946 2.
1477 921 1539 932 -
1584 891 1950 946 Accusatum
2002 908 2034 944 a
2087 889 2163 944 D.

861 973 1073 1034 Laelio
1113 972 1186 1029 L.
1241 968 1526 1026 Flaccum
1573 967 1645 1021 de
1695 962 2044 1039 repetundis
2096 982 2170 1019 ex

866 1052 1056 1115 Asia,
1118 1047 1216 1102 cui
1268 1051 1408 1118 post
1464 1051 1811 1116 praeturam
1867 1045 1945 1107 (a.
2003 1059 2061 1095 ιι.
2112 1057 2168 1095 c.

863 1129 1029 1191 691.)
1045 1122 1181 1197 (per
1202 1137 1427 1175 aunum
1453 1123 1659 1185 unum)
1688 1115 2049 1191 praefuerat,
2070 1115 2172 1172 Ci-

749 1222 759 1240 ·
866 1218 1011 1259 cero
1047 1195 1350 1264 defendit,
1390 1192 1650 1250 Caesare
1681 1203 1739 1248 et
1768 1190 1983 1248 Bibulo
2018 1209 2172 1247 coss.

864 1295 920 1332 a.
959 1293 1021 1330 ιι.
1070 1292 1127 1328 c.
1182 1276 1317 1330 695.
1410 1270 1551 1343 Egit
1588 1268 1869 1324 -eandem
1935 1284 2173 1322 causam

864 1352 1045 1408 etiam
1060 1347 1527 1419 Q.Hortensius.
1542 1344 1668 1402 Cfr.
1688 1352 1873 1400 totam
1889 1352 2044 1398 orat.
2066 1361 2176 1416 pro

864 1426 1108 1483 Flacco.
1160 1451 1221 1463 —
1267 1421 1484 1479 Socius
1513 1432 1690 1496 atque
1719 1421 1960 1475 adiutor
1981 1420 2180 1475 consi-

863 1502 1086 1557 liorum
1150 1497 1680 1575 periculorumque
1760 1513 2032 1556 meorum
2102 1494 2172 1550 Ι..

864 1575 1146 1633 Flaccus.
1200 1571 1355 1630 Ibid.
1390 1586 1418 1630 1
1447 1613 1462 1637 ,
1523 1581 1577 1628 1.
1619 1601 1696 1615 -
1755 1571 2067 1645 Repetitur
2104 1569 2175 1626 ad

866 1669 1161 1727 poenam,
1206 1651 1308 1724 qui
1343 1647 1567 1704 indicia
1622 1649 1956 1703 communis
2011 1645 2180 1702 exitii

867 1727 1123 1801 excepit.
1176 1723 1333 1783 Ibid.
1380 1728 1448 1788 2,
1492 1727 1546 1779 5.
1596 1750 1659 1760 -
1730 1722 1871 1778 Fuit
1930 1722 1998 1778 P.
2030 1720 2179 1778 Ser-

864 1801 1013 1858 vilio
1041 1803 1406 1874 imperatore
1435 1799 1497 1853 in
1526 1791 1734 1853 Cilicia
1759 1797 2043 1854 tribunus
2074 1798 2180 1852 mi-

863 1879 1070 1943 litum-3
1115 1876 1200 1933 M.
1224 1875 1438 1932 Pisoni
1462 1882 1746 1950 quaestor
1775 1875 1836 1929 in
1866 1873 2178 1948 Hispania.

861 1983 939 1996 —
978 1951 1212 2008 Bellum
1260 1949 1551 2007 Cretense
1607 1967 1682 2003 ex
1746 1967 1964 2024 magua
2008 1960 2178 2023 parte

865 2034 1056 2104 gessit
1095 2038 1154 2083 at
1200 2044 1273 2084 ue
1312 2043 1430 2080 una
1462 2041 1595 2080 cum
1630 2042 1861 2081 summo
1916 2026 2178 2099 impera-

862 2115 997 2160 tore
1038 2046 1441 2176 (Q.‹Metello)
1472 2101 1779 2156 sustinuit.
1835 2099 1989 2156 Ibid.
2023 2106 2089 2165 5,
2116 2104 2175 2159 6.

863 2209 937 2223 —
977 2177 1398 2252 Amplissimae
1435 2176 1565 2231 eius
1608 2174 1817 2232 laudes
1854 2194 1968 2251 pro
1997 2174 2178 2232 rebus

863 2257 930 2312 iu
960 2263 1242 2326 praetura
1291 2253 1583 2309 adversus
1620 2250 1940 2308 Catilinam
1968 2254 2175 2327 gestis.
2211 2276 2214 2298 s

862 2327 1018 2386 lbid.
1060 2331 1174 2398 40,
1222 2336 1350 2386 102.
1395 2346 1565 2403 seqq.
1624 2355 1697 2367 —
1781 2327 1853 2383 L.
1900 2328 2178 2384 Valerius

859 2404 1156 2471 Flaccus,
1202 2413 1523 2460 accusatus
1563 2421 1595 2457 a
1636 2402 1710 2459 D.
1753 2403 1996 2471 Laelio,
2042 2401 2179 2458 sub-

861 2479 1273 2537 Scrihentibus
1313 2480 1385 2535 L·
1426 2475 1618 2534 B⁸lb⁰
1662 2489 1721 2534 εἰ
1758 2478 2017 2553 Apu¹ei⁰
2057 2480 2179 2535 De‘
2211 2501 2214 2539 Ὗ
2240 2517 2514 2574 Valerius
2567 2519 2826 2574 dictator
2867 2516 3122 2574 dicendo
3149 2520 3387 2575 sedavit
3426 2519 3564 2575 dis-

2211 2593 2504 2661 scordias,
2569 2596 2741 2670 eique
2801 2590 2878 2650 ob
2933 2612 3063 2649 eam
3113 2613 3242 2650 rem
3281 2595 3556 2652 honores

864 2559 1065 2613 ciano.
1124 2555 1329 2613 Schol.
1374 2552 1530 2611 Bob.
1561 2573 1675 2684 pro
1717 2555 1936 2611 Flacco
1957 2576 2019 2630 p.
2049 2563 2176 2614 228.

813 2660 817 2665 ·
860 2662 935 2677 —
975 2631 1050 2688 L.
1094 2631 1388 2698 Flaccus,
1432 2631 1537 2705 qui
1606 2648 1743 2687 omo
1771 2670 1790 2700 ,
1836 2631 1940 2707 qui
1986 2631 2176 2688 civis!

861 2725 978 2785 pro
1011 2706 1264 2765 Plancio
1295 2713 1363 2765 11
1387 2749 1402 2772 ,
1446 2710 1541 2766 27.

936 2802 1010 2860 L.
1055 2801 1368 2859 Vansarus
1385 2801 1682 2869 Fraccus,
1706 2798 1866 2858 filius
1895 2803 2046 2868 eius,
2077 2804 2180 2889 qui

860 2887 1111 2955 praetor
1152 2877 1364 2934 Asiam
1408 2874 1787 2945 obtinuerat,
1828 2877 2179 2936 -cecidit'in
2213 2888 2214 2898 ¹

905 2953 1097 3012 roelio
1142 2953 1217 3009 ad
1253 2951 1723 3024 Dyrrhachium.
1765 2972 1819 3008 a.
1868 2971 1927 3009 ιι.
1967 2972 2020 3008 c.
2052 2958 2179 3014 706.

860 2975 1089 3089 ¹Caesar
1118 3028 1251 3087 Civ.
1283 3034 1341 3097 5,
1385 3033 1479 3088 55.
1529 3059 1590 3071 -
1638 3028 1748 3085 Est
1783 3031 1869 3097 is,
1903 3030 2008 3105 qui
2037 3048 2178 3103 par-

858 3107 1037 3163 vulus
1078 3104 1257 3161 etiam
1284 3115 1429 3161 tunc
1459 3124 1490 3159 a
1521 3103 1815 3161 Cicerone
1842 3107 1903 3160 in
1934 3124 2179 3180 perora-

855 3184 1023 3239 tione
1083 3198 1197 3255 pro
1238 3181 1459 3237 Flacco
1507 3176 1775 3237 sublatus
1814 3189 1927 3237 est.
2008 3180 2176 3237 Orat.

856 3264 972 3326 58,
1017 3263 1150 3336 15!-

934 3351 1010 3408 L.
1055 3351 1367 3409 vannis
1408 3349 1682 3406 Francus
1710 3391 1725 3416 ,
1770 3348 1994 3405 flamen
2017 3348 2177 3407 Mar-

859 3427 1057 3485 tialise
1100 3425 1243 3502 quid
1284 3424 1356 3481 de
1401 3423 1663 3483 Caecilia
1709 3424 1935 3481 Metelli
1963 3445 2174 3482 narra-

862 3505 1018 3560 verit
1058 3501 1135 3575 Q.
1183 3501 1499 3559 Ciceroni:
1585 3500 1656 3556 de
1696 3500 1902 3557 Divin.
1938 3512 1965 3559 1
1995 3545 2010 3568 ‚
2057 3502 2130 3561 46
2158 3543 2171 3568 ,

860 3580 992 3638 104.
1055 3607 1122 3621 -
1201 3577 1495 3643 Flaccus,
1560 3574 1782 3632 flamen
1834 3577 2131 3634 Martialis
2157 3620 2171 3643 ,

942 3652 1002 3710 id
1020 3650 1578 3710 deMeditrinalibus
1594 3651 1949 3709 tradiderit:
1975 3653 2174 3709 Varro

915 3729 985 3785 L.
1044 3735 1117 3796 6,
1184 3733 1241 3789 5.
1284 3747 1345 3803 p.
1395 3731 1527 3786 205.
1575 3756 1635 3767 -
1715 3725 1831 3784 Hic
1871 3747 1904 3784 a
1946 3729 2173 3804 collega

858 3804 1127 3862 Muciani
1156 3824 1210 3860 a.
1242 3822 1302 3860 u.
1335 3823 1389 3860 c.
1430 3807 1562 3863 625.
1603 3803 1881 3860 diversus
1923 3806 2001 3859 sit
2042 3805 2175 3861 ideo

856 3897 1107 3937 necesse
1147 3880 1238 3936 est
1262 3921 1278 3947 ,
1323 3879 1483 3956 quod
1522 3897 1599 3934 ex
1638 3897 1711 3935 eo
1750 3879 1990 3936 audisse
2031 3879 2177 3938 dicit

861 3954 1123 4027 Quintus
1138 3955 1350 4023 frater,
1377 3973 1528 4029 quae
1546 3963 1997 4011 commemorat.
2021 3955 2171 4011 Ean.

857 4181 1108 4238 defenso
1134 4201 1149 4248 ;
1193 4181 1300 4238 sed
1331 4183 1444 4237 hoc
1465 4199 1701 4257 quoque
1716 4200 1927 4255 parum
1952 4182 2174 4256 proba-

857 4254 977 4314 bile
1030 4267 1139 4313 est.
1220 4257 1510 4314 Consulto
1550 4259 1710 4311 enim
1751 4268 1810 4313 et
1852 4257 2067 4315 Cicero
2116 4268 2175 4314 et

859 4330 1060 4388 Varro
1102 4349 1238 4389 eum
1276 4332 1480 4388 addito
1522 4332 1864 4390 sacerdotio
1909 4333 2172 4390 flaminis

785 4416 796 4423 '
859 4405 1162 4464 Martialis
1222 4427 1256 4464 a
1321 4418 1605 4482 praetore
1672 4408 2019 4467 distinxisse
2079 4411 2174 4466 vi-

862 4481 1103 4538 dentur.

934 4557 1008 4613 L.
1055 4556 1367 4614 Varamos
1399 4559 1705 4629 Francus,
1751 4560 2171 4618 adolescentu-

857 4630 989 4698 lus,
1055 4632 1334 4690 diversus
1392 4633 1467 4690 ab
1525 4635 1667 4702 illo,

858 4707 1143 4765 defendit.
1214 4728 1327 4783 pro
1381 4709 1601 4766 Flacco
1655 4716 1763 4778 56,
1808 4719 1903 4773 89.
1980 4714 2168 4788 (Idem

856 4783 1117 4840 fortasse
1146 4802 1281 4840 cum
1309 4786 1759 4858 praecedente.)

934 4876 1005 4933 P.
1064 4877 1375 4935 Van-:arus
1432 4878 1706 4936 FLAccus
1760 4900 1795 4937 a
1842 4893 2056 4940 senatu
2096 4883 2196 4940 ad*

855 4948 1255 5009 Hannibalem
1298 4955 1547 5022 missus,
1592 4966 1658 5011 ut
1696 4975 1730 5011 a
1772 4956 2042 5034 Sagunto
2069 4979 2172 5016 re-

855 5025 1119 5082 cederet.
1177 5028 1435 5105 Philipp.
1463 5035 1521 5098 5,
1555 5039 1649 5100 10,
1677 5038 1772 5091 27.
1816 5033 1953 5090 Liv.
1985 5044 2079 5103 21,
2108 5039 2165 5096 6.

931 5117 1001 5173 Ρ.
1039 5119 1397 5193 (ῪΑιιιιιτσε)
1440 5124 1738 5183 FnAccus.
1804 5127 1886 5186 M.
1931 5128 2164 5203 Carbo,

850 5191 925 5250 P.
969 5191 1189 5251 Flacco
1228 5209 1552 5260 accusante
1589 5203 2046 5268 condemnatus.
2089 5207 2167 5268 ad

848 5266 1022 5331 Fami
1065 5272 1126 5343 9,
1169 5275 1267 5344 21,
1307 5277 1366 5336 5.

858 4029 1148 4087 Eckhelio
1177 4035 1232 4089 5.
1279 4050 1337 4105 p.
1374 4034 1506 4091 555.
1560 4029 1714 4086 idem
1752 4030 1993 4086 videtur
2038 4024 2210 4095 cumss
2236 3996 2478 4051 R⁰⁵t”⁸·
2559 3994 2757 4053 Varm
2786 3996 2887 4052 Fr·

855 4105 1080 4163 Flacco
1106 4118 1389 4181 praetore
1413 4124 1466 4160 a.
1501 4123 1560 4160 ιι.
1583 4124 1637 4161 c.
1667 4110 1800 4164 691.
1825 4126 1856 4161 a
1878 4105 2174 4162 Cicerone
2197 4140 2198 4147 κ

1738 4654 1913 4712 quem
1955 4638 2170 4696 Cicero
2195 4696 2196 4705 ,

2302 810 2379 884 Q.
2422 813 2696 869 Fucens
2737 811 2930 887 pridie
2972 813 3060 870 Id.
3098 813 3258 871 Nov.
3304 834 3360 872 a.
3388 835 3453 872 ιι.
3479 835 3537 873 c.

2229 895 2360 949 697.
2405 907 2480 945 ex
2522 890 2804 944 Anniana
2846 889 3094 946 Milonis
3125 891 3306 948 domo
3333 891 3547 949 eduxit

2229 968 2395 1020 viros
2437 982 2644 1019 acres:
2690 965 2914 1022 occidit
2952 968 3225 1024 homines
3268 985 3344 1023 ex
3383 970 3552 1025 omui

2229 1042 2554 1097 latrocinio
2578 1039 2869 1098 Clodiano
2894 1045 3264 1099 notissimos.
3309 1044 3388 1100 ad
3415 1046 3543 1101 Att.

2231 1121 2288 1182 4,
2325 1122 2380 1178 5.
2413 1121 2468 1176 5.
2502 1125 2562 1171 et
2587 1118 2644 1174 [ι.
2730 1117 2839 1174 Est
2878 1119 2975 1175 hic
3018 1136 3093 1174 ex
3119 1119 3346 1175 Fulviis
3375 1162 3390 1186 ,
3422 1137 3549 1176 non

2233 1211 2308 1248 ex
2360 1191 2622 1250 Valeriis
2687 1193 2921 1250 Flaccis
2987 1207 3046 1251 et
3099 1211 3209 1270 per
3266 1213 3546 1251 errorem

2235 1271 2349 1324 huc
2389 1267 2641 1324 delatus.

2311 1382 2378 1438 P.
2417 1382 2727 1439 VALnams
2767 1382 2895 1438 Leo
2934 1380 3300 1458 subscripsit
3340 1383 3553 1458 Appio

2239 1457 2491 1515 Claudio
2521 1460 2581 1514 in
2603 1458 2958 1515 'Miloniano
2993 1459 3253 1517 ambitus
3298 1459 3552 1516 iudicio.

2239 1537 2467 1590 Ascon.
2513 1536 2574 1590 in
2607 1533 2733 1590 Mil.
2775 1555 2834 1608 p.
2879 1535 2973 1592 5¹1.

2311 1647 2382 1704 P.
2425 1647 2730 1704 Vannius
2781 1629 3014 1714 Neres,
3071 1651 3384 1706 accusavit
3426 1649 3553 1707 Mi-

2236 1723 2433 1778 lonem
2467 1742 2521 1778 a.
2562 1742 2622 1778 u.
2654 1742 2706 1779 c.
2738 1729 2867 1783 702.
2916 1726 2975 1779 in
3005 1725 3226 1781 Ascon.
3257 1746 3312 1800 p.
3343 1728 3440 1784 42.
3482 1755 3549 1766 —

2237 1798 2463 1854 Valerii
2508 1797 2626 1855 duo
2654 1841 2668 1864 ,
2712 1798 2916 1873 Nepos
2972 1809 3032 1854 et
3081 1799 3238 1867 Leo,
3285 1801 3554 1857 Faustae

2211 1885 2296 1929 ·et
2336 1874 2576 1930 Milonis
2616 1875 2870 1931 familias
2914 1873 3279 1931 exhibendas
3335 1889 3557 1951 postu-

2237 1949 2534 2006 laverunt.
2589 1950 2815 2006 Ascon.
2854 1955 2917 2008 in
2960 1950 3085 2007 Mil.
3130 1971 3191 2026 p.
3237 1957 3332 2012 35.

2314 2062 2416 2120 Μ’.
2447 2061 2755 2120 Vannius
2783 2054 3097 2130 Maxnius,
3128 2062 3333 2121 Volesi
3362 2062 3550 2122 filius.

2239 2139 2455 2196 Paucis
2479 2138 2865 2215 (quindecim)
2889 2140 3060 2194 annis
3081 2152 3219 2213 post
3246 2158 3425 2215 reges
3447 2159 3557 2197 ex·-

2239 2221 2512 2284 actos*(a.
2540 2233 2600 2269 u.
2633 2233 2688 2270 c.
2721 2218 2904 2282 260.),
2949 2233 3084 2270 cum
3114 2213 3320 2289 plebes
3355 2236 3549 2292 prope

2238 2293 2435 2364 ripum
2484 2289 2739 2346 Anienis
2798 2288 2874 2345 ad
2910 2290 3156 2349 tertium
3220 2290 3557 2348 miliarium

2239 2366 2611 2423 consedisset
2634 2409 2649 2432 ,
2695 2368 2947 2441 eumque
2982 2375 3266 2434 montem,
3314 2369 3418 2442 qui
3447 2367 3556 2425 Sa-

2241 2461 2344 2497 cer
2393 2442 2725 2516 appellatus
2772 2453 2894 2508 est,
2940 2445 3397 2516 occupavisset,
3445 2443 3554 2500 M'.

2241 2669 2596 2744 amplissimi
2637 2666 2823 2725 habiti
2865 2680 2923 2725 et
2962 2671 3012 2725 is
3053 2669 3282 2743 primus
3312 2670 3391 2726 ob
3421 2689 3560 2727 eam

2211 2740 2214 2766 ³³
2240 2749 2431 2820 ipsam
2494 2764 2738 2800 causam
2799 2745 3095 2803 Maximus
3153 2755 3245 2802 est
3283 2747 3564 2822 appella·-

2239 2834 2360 2878 tus.
2415 2819 2586 2878 Brut.
2628 2827 2737 2888 1'4,
2781 2826 2872 2881 5¹1.

2274 2996 2280 3003 ,
2315 2935 2398 2992 Μ.
2422 2935 2729 2992 Vannius
2754 2935 3043 2994 Maximus
3062 2934 3370 2992 Coavnws
3388 2935 3564 2993 Mss-

2240 3030 2416 3078 sAnA,
2463 3029 2593 3067 cos.
2638 3030 2693 3066 a.
2718 3030 2784 3066 u.
2817 3031 2871 3068 c.
2904 3014 3034 3070 491.
3117 3011 3190 3067 Ei
3218 3013 3381 3069 inter
3401 3014 3561 3069 alios

2240 3088 2502 3142 honores
2545 3088 2754 3143 domus
2797 3103 3030 3164 quoqne
3066 3086 3304 3163 publice
3344 3086 3562 3145 aedifi-

2238 3173 2370 3218 cata
2401 3173 2492 3218 est
2519 3164 2581 3218 in
2610 3162 2845 3220 Palatio
2883 3173 2996 3219 cet.
3081 3165 3314 3220 Ascon.
3346 3167 3408 3220 in
3449 3165 3557 3221 Pi-

2238 3256 2370 3294 son.
2417 3246 2599 3312 p.13.
2645 3269 2714 3280 —
2758 3239 2865 3295 Est
2907 3241 2994 3307 is,
3051 3241 3150 3316 qni
3195 3258 3227 3293 a
3270 3239 3559 3296 Messana

2235 3313 2484 3370 liberata
2526 3317 2755 3389 primus
2805 3317 2963 3371 inter
3012 3316 3285 3372 Valerios
3328 3318 3563 3368 Messa-

2235 3393 2323 3442 lae
2363 3390 2527 3460 sive,
2586 3401 2651 3447 ut
2689 3391 2977 3448 scribitur
3017 3393 3080 3447 in
3120 3392 3320 3448 Fastis
3362 3390 3559 3465 Capi-

2236 3465 2446 3522 tolinis
2479 3509 2495 3531 ,
2575 3468 2894 3519 Messallae
2931 3485 3269 3536 cognomen
3311 3486 3557 3524 assum-

2239 3545 2376 3616 psit.
2420 3551 2493 3584 ‘·-
2522 3541 2604 3598 M.
2649 3542 2925 3599 Valerius
2967 3542 3269 3599 Maximus
3294 3543 3560 3600 Messala

2239 3618 2448 3673 consul
2477 3637 2609 3673 cum
2639 3618 2722 3675 M.
2770 3617 3063 3686 Otacilio,
3109 3639 3140 3674 a
3184 3637 3304 3695 quo
3350 3617 3557 3675 tabula

2236 3693 2499 3750 Valeria.
2560 3691 2761 3749 Schol.
2793 3692 2950 3750 Bob.
2983 3697 3045 3750 in
3077 3694 3286 3752 Vatin.
3320 3713 3382 3769 p.
3415 3699 3552 3754 518.

2236 3769 2392 3825 Pliu.
2434 3768 2591 3824 Hist.
2636 3769 2711 3824 N.
2752 3775 2857 3838 55,
2905 3778 2959 3830 7.
3002 3800 3075 3812 -
3142 3771 3226 3827 Μ.
3275 3770 3557 3826 Valerius

2238 3845 2490 3901 Messala
2528 3863 2655 3901 cos.
2689 3864 2743 3899 a.
2776 3865 2833 3901 u.
2871 3864 2924 3901 c.
2961 3849 3090 3904 1191.
3131 3846 3346 3903 Catina
3377 3857 3555 3920 capta

2237 3921 2498 3994 primum
2544 3923 2753 3976 statuit
2794 3921 3173 3996 horologium
3222 3922 3559 3979 secundum

2966 4037 2978 4052 .
3012 4000 3144 4058 575.
3178 3996 3253 4055 Bi
3304 4040 3317 4053 .

2309 4071 2391 4127 Μ.
2432 4070 2741 4128 Vannius
2789 4016 3080 4128 Mesenis
3126 4073 3207 4129 M.
3253 4018 3324 4130 P.
3360 4072 3450 4130 M.
3481 4070 3555 4128 N.

2209 4146 2452 4202 'Niomu
2499 4147 2699 4218 'Quae
2746 4147 2907 4203 domi
2947 4149 3211 4223 gerenda
3261 4159 3410 4206 sunt
3444 4166 3557 4223 pro

2235 4221 2377 4279 Sex.
2419 4222 2676 4289 Roscio,
2723 4241 2814 4296 eq
2836 4240 2944 4297 per
2975 4223 3300 4281 Caeciliam
3328 4226 3557 4281 transi-

2233 4308 2494 4375 guntur;
2540 4299 2659 4355 fori
2691 4298 3016 4375 iudiciique
3043 4302 3347 4356 rationem
3394 4301 3558 4358 Mes-

2233 4375 2357 4430 sala
2386 4375 2674 4448 suscepit.
2758 4374 2875 4445 Qui
2917 4377 2968 4431 si
3010 4378 3128 4431 iam
3160 4379 3310 4433 satis
3339 4377 3555 4433 aetatis

2231 4459 2410 4527 atque
2462 4448 2703 4506 roboris
2744 4448 2995 4506 haberet
3018 4493 3033 4520 ,
3097 4453 3229 4527 ipse
3260 4471 3377 4527 pro
3408 4451 3552 4510 Sex.

2232 4527 2455 4583 Roscio
2492 4526 2741 4582 diceret.
2773 4526 2854 4600 (a.
2888 4545 2946 4582 ιι.
2980 4546 3035 4583 c.
3069 4531 3231 4595 67¹³.)
3260 4547 3378 4603 pro
3411 4527 3553 4585 Sex.

2233 4603 2451 4658 Roscio
2478 4608 2544 4660 5¹
2571 4644 2586 4669 ,
2636 4604 2763 4660 149.
2809 4631 2883 4644 -
2958 4602 3044 4659 M.
3082 4603 3358 4661 Valerius
3387 4603 3557 4660 Mes-

2229 4677 2394 4747 sala,
2441 4687 2684 4745 orator,
2729 4679 2899 4733 cuius
2938 4680 3247 4737 orationes
3285 4688 3547 4737 exstant.

2230 4754 2438 4812 Schol.
2472 4754 2750 4812 Gronov.
2807 4753 2882 4810 ad
2911 4753 3275 4812 Roscianam
3312 4775 3371 4831 p.
3400 4755 3542 4817 426.

2205 4823 2518 4888 'Confudit
2571 4829 2913 4887 Scholiasta
2963 4830 3280 4888 Messalam
3325 4830 3554 4888 Corvi-

2231 4923 2409 4973 num,
2455 4905 2684 4962 Tibulli
2718 4906 3034 4975 fautorem,
3077 4920 3209 4963 cum
3235 4910 3348 4966 hoc
3385 4910 3554 4964 anti-

2203 4984 2440 5114 quiore
2469 4981 2753 5039 Messala.
2806 5011 2866 5023 —
2929 4980 3012 5038 Μ.
3055 4982 3311 5040 mesula
3352 4982 3554 5040 Nice„

2269 5069 2588 5134 eprecatus
2616 5067 2708 5113 est
2735 5056 3094 5116 Ciceronem
3136 5079 3250 5135 pro
3286 5060 3360 5117 P.
3408 5031 3553 5117 8511-

2224 5134 2304 5191 la.
2351 5152 2464 5209 pro
2508 5133 2676 5191 Sulla
2711 5139 2779 5203 6,
2811 5141 2903 5190 20.
2936 5165 3013 5178 —
3054 5135 3417 5195 Praeturam
3440 5155 3551 5212 pe-

2227 5207 2391 5267 tebat
2434 5208 2727 5266 Cicerone
2782 5208 3029 5266 consule
3069 5230 3128 5268 a.
3179 5228 3243 5270 u.
3306 5230 3365 5270 c.
3414 5215 3548 5272 691.
3610 5248 3623 5259 -

2223 5283 2378 5345 Ibid.
2424 5286 2533 5358 14,
2573 5286 2672 5347 42.
2713 5308 2795 5331 ·—
2830 5276 2974 5350 can.
3012 5283 3214 5348 factus
3260 5305 3318 5348 aa
3370 5289 3432 5346 a.
3479 5304 3543 5348 c.
