4367 6084
422 618 463 682 ιο
729 618 773 682 r.
796 592 982 682 iunius.
1006 618 1050 680 r.
1073 616 1115 681 a.
1140 615 1264 681 uino
1287 615 1536 683 rarlauus.

420 759 460 817 tis
480 757 676 837 gladiatoriae
699 758 827 816 familiae
850 757 992 843 reliquias
1017 758 1072 814 ba·
1101 757 1298 835 interrogatio
1329 757 1366 814 de
1394 775 1477 814 aere·
1494 757 1592 815 alieno
1618 756 1756 817 Milonis.

420 832 528 902 bebat,
550 834 680 892 dimissis
703 835 818 890 circuni
839 833 1001 908 municipia
1022 832 1072 887 lit·
1100 833 1252 908 Fragmm.
1284 852 1315 908 p.
1339 836 1405 892 1156.
1427 852 1512 910 seqq.
1545 863 1576 874 -
1607 833 1759 891 Maximi!

419 912 493 966 teris
524 929 575 977 ea,
606 928 682 987 quae
708 910 837 977 iaceret,
871 911 955 965 iussu
983 918 1071 984 atque
1100 909 1221 984 plausus
1238 911 1265 967 ei
1283 909 1368 964 datus
1386 915 1651 978 atqcue-700.)
1668 919 1760 966 ette-

376 988 383 1005 ’
419 986 548 1117 ibl‘ii
566 986 678 1135 25⁰5}ss
687 984 1072 1117 alltutli.tt:‘..t¹.³.¹¹.·
1100 983 1613 1131 lttt¹l.tlt⁸.tt.t¹¹t.³l‘itt‘
1645 983 1759 1121 .⁰i⁸i¹

1062 1101 1070 1123 ι
1504 1099 1511 1114 ·
1601 1100 1608 1116 ·
1665 1099 1673 1116 ·
1706 1100 1715 1126 t
1748 1101 1756 1128 t

419 1155 495 1213 quos
515 1154 551 1192 ex
571 1153 640 1192 aere
663 1135 761 1192 alieno
780 1135 920 1193 laborare
940 1131 1072 1190 arbitra·
1101 1140 1135 1201 lt,
1159 1139 1203 1194 15.
1229 1135 1347 1211 -Ego
1372 1142 1417 1204 (a.
1440 1154 1471 1191 ιι.
1494 1154 1522 1191 c.
1544 1134 1627 1211 701.)
1657 1137 1758 1192 omnia

418 1210 524 1277 batur,
552 1209 742 1267 sollicitabat.
782 1210 872 1286 Apud
902 1229 977 1287 quos
1005 1227 1073 1265 cum
1101 1229 1166 1266 urea
1195 1210 1315 1277 studia,
1342 1229 1461 1266 omnem
1490 1229 1615 1285 operam
1643 1229 1757 1279 meam,

440 1284 567 1344 relicere
587 1287 661 1342 nihil
681 1296 800 1361 posset,
822 1284 1000 1362 quibusdam
1021 1302 1072 1340 so·
1102 1285 1296 1353 industriam,
1312 1287 1540 1360 cogitationem,
1559 1295 1690 1343 mentem
1704 1286 1759 1343 de-

418 1306 488 1418 latis
503 1362 679 1437 ergastulis,
695 1363 796 1416 Cosam
809 1362 838 1417 in
850 1379 924 1436 agro
936 1360 1073 1417 Thurino
1103 1364 1192 1436 nique
1210 1379 1328 1418 omnem
1348 1364 1379 1416 in
1392 1360 1515 1418 Milonis
1534 1360 1693 1418 consulatu
1705 1359 1759 1419 fixi

419 1455 595 1514 oppugnare
609 1437 718 1512 coepit.
746 1437 791 1493 Eo
811 1435 964 1508 cuniaQ.
980 1435 1072 1492 Pedio
1102 1447 1132 1492 et
1153 1437 1253 1494 locari
1278 1439 1426 1513 statuique
1449 1439 1480 1493 in
1503 1455 1539 1495 eo
1558 1455 1607 1494 me
1629 1455 1692 1495 non
1713 1436 1759 1495 ol-

419 1522 560 1587 praetore
596 1530 663 1568 cum
692 1511 810 1588 legione
840 1513 857 1544 ‘²
882 1512 899 1544 ⁰
924 1510 941 1543 ⁰
974 1510 1072 1585 lapide
1102 1510 1162 1570 ficii
1180 1513 1278 1570 soimn
1298 1513 1443 1577 fraretum,
1463 1512 1620 1569 sedetiam
1638 1513 1759 1588 pietatis

418 1595 496 1644 ictus
520 1606 557 1644 ex
577 1606 664 1643 muro
686 1588 787 1662 periit.
817 1587 928 1644 Caesar
952 1585 1018 1643 civ.
1043 1590 1071 1652 5,
1102 1587 1220 1643 laudem
1240 1585 1350 1644 debere
1373 1605 1529 1663 quaerere.
1557 1587 1595 1643 ad
1615 1587 1701 1644 Fam.
1727 1593 1757 1655 2,

418 1670 465 1720 22.
489 1692 521 1704 -
551 1660 611 1723 Ubi
640 1662 797 1720 Cluverius
831 1663 915 1731 (Ital.
949 1670 1010 1717 ant.
1042 1670 1069 1718 2.
1100 1667 1136 1731 6,
1157 1670 1185 1724 5.
1210 1691 1239 1702 -
1262 1663 1422 1736 Pompeius
1437 1663 1544 1720 Miloni
1566 1660 1761 1726 nibsstribuit

418 1758 450 1814 Ρ.
467 1742 563 1807 1205.)
577 1736 725 1812 probante
740 1738 917 1795 Deonianno
931 1737 955 1792 l.
977 1757 1007 1811 p.
1024 1741 1070 1795 51.
1102 1749 1132 1794 et
1149 1740 1249 1795 omnia
1270 1738 1390 1803 Guttae,
1415 1737 1549 1810 (Milonis
1568 1738 1761 1813 competitori

418 1815 592 1878 cassanum,
633 1814 804 1880 (castellum
836 1813 902 1891 agri
932 1811 1073 1874 Thurini)
1103 1817 1133 1871 in
1148 1813 1305 1869 consulatu
1314 1813 1337 1886 ι)
1351 1814 1480 1889 dicitque
1494 1832 1527 1870 ae
1540 1814 1757 1889 perfecturum,

419 1908 436 1943 a
464 1889 594 1946 Caesare
627 1891 774 1964 scripturn
810 1907 876 1945 csse
907 1887 1071 1944 contendit.
1102 1888 1207 1945 utillo
1231 1887 1528 1946 Caesar‘idcumbat.
1567 1888 1635 1946 lloc
1655 1890 1761 1947 borret

419 1963 550 2021 Velleius
572 1970 605 2028 2,
625 1969 671 2025 68.
700 1964 758 2021 Dio
772 1967 888 2031 ἰ12,25.
905 1993 935 2003 -
953 1963 1074 2020 Milonis
1103 1965 1193 2030 Milo,
1223 1982 1281 2020 nec
1301 1965 1429 2020 iniuria:
1453 1973 1483 2019 et
1505 1966 1532 2022 si
1553 1963 1602 2022 ille
1629 1962 1760 2021 dictator

419 2038 522 2095 leudes
551 2039 695 2112 insignes.
728 2058 785 2115 pro
814 2037 913 2097 Sestio
942 2039 995 2105 [10,
1026 2045 1072 2101 06.
1103 2042 1198 2097 iactus
1226 2041 1282 2106 sit,
1318 2058 1413 2115 paene
1443 2037 1562 2097 diffidit.
1596 2067 1628 2081 ··
1659 2038 1761 2097 Ludos

416 2133 473 2191 seq
497 2157 504 2169 .
529 2143 560 2154 -
582 2113 701 2172 Honori
726 2134 842 2172 sunrrno
868 2117 897 2171 ei
922 2115 995 2181 luit,
1024 2113 1074 2189 qui
1104 2123 1233 2190 apparat
1258 2112 1589 2190 magnificentissimos,
1623 2116 1687 2183 sic,
1713 2122 1762 2173 iu·

420 2133 639 2262 gladiatoribus
660 2209 707 2246 ein
730 2193 769 2248 tis
788 2193 834 2247 rei
851 2189 988 2267 publicae
1002 2207 1074 2244 cau·
1104 2210 1203 2266 quarm
1226 2199 1261 2244 ut
1280 2209 1368 2247 nemo
1390 2193 1644 2265 sumptuosiores3
1671 2189 1761 2249 stulte

419 2284 452 2340 sa
489 2282 592 2320 omnes
629 2265 663 2322 P.
722 2266 794 2323 lodii
826 2275 951 2324 conatus
988 2267 1075 2321 iuro-
1105 2267 1150 2324 bis
1172 2275 1288 2341 terque.
1311 2269 1354 2339 (a.
1378 2283 1407 2320 u.
1431 2285 1458 2322 c.
1486 2273 1565 2333 700.)
1585 2267 1623 2324 ad
1643 2264 1683 2340 Q.
1705 2265 1759 2324 Fr.

418 2358 469 2397 res
511 2344 740 2416 ecompressit.
764 2342 799 2398 de
823 2340 884 2398 Off.
909 2347 1005 2408 2,17,
1029 2344 1073 2398 58.
1105 2344 1231 2410 5,8,6.
1262 2341 1348 2400 ‘ott
1394 2340 1588 2400 miseratoris
1608 2337 1645 2401 ἔι’
1670 2341 1762 2400 ἀνεκ·
1807 2364 1809 2369 ⁴

422 2444 452 2457 ·-
470 2357 521 2472 Me
543 2417 631 2472 novis
654 2414 784 2474 tribunis
803 2417 844 2492 pl.
871 2425 917 2472 eat
939 2415 989 2473 ille
1009 2416 1076 2492 qui-
1106 2421 1173 2484 τῶς,
1195 2418 1246 2492 qui
1260 2416 1345 2474 ludos
1434 2416 1468 2474 C.
1485 2424 1652 2492 comparet.
1684 2412 1760 2474 Ibid.

420 2490 539 2546 demin
558 2509 605 2546 me
625 2489 864 2549 officiosissimus
880 2490 1014 2556 Sestius,
1035 2500 1074 2558 et,
1106 2500 1139 2558 9,
1161 2501 1189 2549 2.
1220 2521 1250 2533 ·-
1280 2492 1343 2549 Cir.
1374 2501 1468 2548 totam
1492 2491 1701 2549 Miloniauam.
1726 2519 1758 2535 -

420 2584 526 2641 spero,
551 2565 676 2636 Curius,
701 2566 792 2635 Milo,
816 2567 944 2631 Pedius,
968 2564 1076 2623 Fabri·
1104 2567 1242 2624 Dictator
1267 2577 1331 2624 erat
1351 2567 1479 2624 Lanuvii
1502 2566 1586 2624 Milo.
1622 2584 1681 2643 pro
1700 2565 1761 2624 Mi·

420 2644 495 2699 cius.
523 2647 562 2709 (a.
583 2660 613 2697 u.
635 2660 662 2697 c.
687 2648 769 2711 696.)
801 2642 838 2698 ad
859 2641 896 2714 Q.
918 2642 970 2698 Fr.
995 2650 1022 2709 1,
1044 2644 1075 2707 t,
1106 2643 1174 2698 ioue
1196 2650 1248 2709 10,
1273 2649 1319 2702 27.
1344 2672 1374 2683 -
1396 2643 1432 2700 P.
1456 2640 1594 2700 Clodium
1621 2645 1653 2699 in
1683 2641 1762 2699 iudi·

419 2723 447 2778 5.
475 2745 506 2756 -
538 2716 660 2773 Milonis
688 2718 792 2773 domus
818 2720 850 2774 in
878 2717 1019 2776 Germalo
1048 2724 1078 2772 et
1106 2719 1184 2774 cium
1205 2716 1270 2786 bis,
1298 2715 1335 2774 ad
1360 2718 1420 2773 vim
1447 2736 1600 2795 nunquam
1626 2716 1758 2774 vocarit.

419 2790 571 2847 Anniana.
600 2790 638 2848 ad
656 2793 721 2849 Att.
745 2796 779 2862 li,
802 2799 836 2860 5,
861 2797 888 2853 5.
905 2793 1076 2850 -Miloois
1105 2792 1181 2849 Ibid.
1203 2798 1322 2859 15,10.
1343 2823 1374 2834 ·-
1396 2792 1460 2850 Cic.
1484 2793 1581 2851 oratio
1599 2812 1656 2868 pro
1676 2808 1759 2850 eore

420 2869 631 2923 contentiones
652 2886 720 2923 cum
737 2868 773 2925 P.
789 2867 895 2925 Clodio
915 2869 996 2940 etQ.
1011 2867 1077 2925 Me·
1105 2887 1178 2925 uera
1197 2866 1308 2925 babitu.
1336 2868 1487 2941 Fragmm.
1512 2889 1542 2944 Ρ.
1558 2873 1625 2927 059.
1649 2897 1680 2909 -
1702 2867 1762 2925 Μι·

420 2942 491 2999 tello
513 2942 630 3017 Nepote
653 2962 680 2998 a.
705 2943 734 3000 d.
759 2942 829 3000 ΧΠ.
853 2943 920 3000 Kal.
949 2944 1022 3000 Dec.
1047 2961 1075 2998 a.
1107 2945 1237 3000 loniaua.
1267 2942 1353 3000 Orat.
1373 2949 1426 3011 09,
1450 2948 1513 3003 165.
1543 2973 1574 2984 -
1603 2941 1760 3016 Quomodo

419 3035 450 3072 u.
473 3025 581 3077 c.69⁷.
603 3017 680 3075 lbid.
703 3032 728 3083 1.
750 3018 1077 3077 i.·-Clodiumocci·
1106 3039 1163 3095 pro
1183 3038 1219 3075 eo
1241 3018 1299 3075 dici
1320 3020 1464 3075 decuerit.
1493 3019 1565 3150 Opi.
1584 3018 1758 3093 gemuel,

402 3111 487 3149 *sum
509 3094 547 3149 iri
571 3091 608 3149 ab
632 3096 699 3224 ipso
726 3095 837 3153 Milone
866 3093 964 3150 video.
999 3092 1075 3149 lbid·
1111 3103 1153 3154 10.
1171 3094 1263 3169 -(ln
1274 3093 1431 3171 Pompeio)
1445 3093 1522 3152 bene
1545 3095 1625 3150 cium
1637 3111 1758 3172 aequor,

421 3170 446 3236 0.
470 3171 498 3226 5.
535 3166 613 3226 lbid.
663 3188 694 3244 p.
719 3175 766 3230 12.
791 3198 822 3210 -
844 3169 1077 3244 Exspectatioue
1107 3189 1167 3225 nou
1192 3187 1328 3239 causam,
1359 3179 1392 3225 ut
1415 3173 1446 3226 ιιι
1470 3169 1593 3227 Milone.
1635 3168 1673 3225 ad
1694 3166 1758 3225 Au

421 3245 553 3299 omuimn
573 3244 740 3302 fortissimo
760 3252 790 3301 et
809 3243 977 3300 clarissimo
997 3245 1075 3310 viro,
1107 3253 1144 3311 9,
1170 3250 1202 3312 7,
1226 3252 1253 3306 5.
1278 3274 1309 3285 ·-
1330 3245 1410 3302 Nolo
1436 3263 1503 3301 cum
1530 3243 1677 3320 Pompeio
1705 3262 1762 3321 pa-

421 3319 459 3375 T.
481 3320 601 3386 Annio,
628 3318 734 3375 devota
766 3329 796 3376 et
828 3321 989 3376 constituta
1019 3321 1076 3375 ista
1106 3319 1414 3396 guaredeGabini03
1435 3320 1509 3376 satis
1529 3327 1593 3385 est,
1613 3318 1694 3396 qnod
1713 3323 1760 3376 iu·

421 3395 518 3450 hostia
542 3395 594 3460 (P.
623 3394 764 3467 Clodius)
788 3413 854 3451 esse
880 3394 1009 3451 videtur.
1042 3395 1085 3454 de¹
1107 3404 1166 3451 stat
1188 3395 1224 3451 de
1248 3394 1371 3452 Milone.
1401 3415 1429 3452 a.
1452 3414 1482 3451 ιι.
1506 3412 1535 3452 c.
1561 3399 1626 3455 700.
1663 3396 1700 3452 ad
1723 3395 1760 3469 Q.

421 3468 555 3544 Harusp.
583 3486 663 3544 resp.
685 3474 719 3539 5,
744 3478 772 3530 6.
797 3499 828 3510 -
858 3468 1012 3527 Tribunus
1035 3470 1075 3545 pl.
1106 3471 1158 3527 Fr.
1180 3476 1215 3538 5,
1239 3479 1272 3533 2.
1295 3479 1323 3528 2.
1348 3501 1378 3511 ·-
1401 3471 1521 3528 Milonis
1543 3468 1635 3527 bona.
1663 3471 1710 3544 (a.
1727 3489 1758 3527 u.

423 3562 450 3599 a.
473 3562 503 3599 u.
524 3562 551 3599 c.
571 3548 639 3604 697.
659 3544 694 3600 Ρ.
717 3545 854 3603 Clodium
874 3545 909 3601 dc
927 3547 956 3602 vi
973 3554 1078 3622 postu·
1107 3565 1134 3602 c.
1156 3552 1236 3613 705.)
1258 3545 1375 3603 Caelius
1400 3546 1437 3602 ad
1457 3545 1540 3601 Fam.
1566 3553 1600 3612 0,
1621 3548 1650 3611 5,
1674 3551 1704 3603 2.
1727 3575 1757 3586 -

422 3619 507 3675 lavit.
535 3619 747 3694 Amplissimos
770 3621 834 3677 eins
857 3619 969 3677 landes.
1005 3621 1078 3677 Post
1106 3623 1144 3678 A.
1167 3641 1196 3689 u.
1222 3641 1249 3678 c.
1273 3626 1337 3681 705.
1366 3618 1548 3697 querebatur
1569 3639 1625 3695 per
1644 3620 1761 3676 litteras

423 3692 489 3751 red.
514 3693 545 3749 iu
565 3703 680 3765 sema,
701 3704 743 3759 19.
773 3695 849 3753 ibid.
866 3703 992 3766 12,50.,
1004 3697 1079 3753 Post
1108 3698 1247 3754 iniuriam
1279 3697 1452 3761 Ciceronis,
1482 3694 1561 3773 quod
1584 3694 1761 3752 Philotimus

424 3768 491 3826 red.
515 3766 553 3825 ad
577 3769 662 3842 Quir.
687 3775 722 3840 6,
750 3778 794 3831 15.
820 3802 850 3811 -
872 3771 972 3831 Unum
997 3772 1077 3828 acci·
1108 3774 1206 3828 socius
1228 3782 1306 3828 esset
1326 3774 1356 3829 in
1379 3772 1468 3829 bouis
1487 3773 1559 3829 suis.
1589 3771 1627 3828 ad
1650 3771 1783 3840 Att.5,.

424 3845 469 3900 dit
498 3845 697 3919 imprudentia
727 3845 850 3904 Milonis
879 3847 1076 3912 incourmode,
1107 3857 1141 3915 8,
1158 3855 1184 3905 2.
1213 3845 1258 3904 lb.
1280 3848 1336 3923 ΕΡ.
1354 3849 1450 3915 10,0.
1479 3847 1612 3904 Vocatur
1634 3855 1762 3923 Κροτω-

313 3945 317 3957 ·
426 3917 463 3976 de
493 3917 586 3976 Sexto
617 3919 740 3978 Clodio:
779 3941 866 4000 quem
893 3941 989 3998 neque
1021 3922 1078 3979 boc
1108 3929 1214 3994 νιάιης
1232 3924 1486 3998 τυραννοκτόνος.
1517 3920 1562 3977 Ib.
1586 3919 1654 3979 Lib.
1676 3924 1711 3989 6,
1730 3920 1761 3988 d,

424 4005 559 4126 tempore
586 4013 682 4083 neque
707 3996 745 4054 ab
771 3995 927 4055 istibecillis
953 4015 1078 4054 accusa·
1108 4003 1135 4059 5.
1170 3995 1215 4053 lb.
1239 3997 1295 4073 Ep.
1318 4007 1353 4065 7,
1376 4008 1402 4055 1.
1426 4028 1457 4038 -
1480 3997 1592 4084 Caesar
1613 3993 1763 4084 quereba-

424 4081 484 4126 torr
507 4089 542 4126 us
565 4071 637 4127 mibi
665 4072 777 4146 placuit
801 4074 949 4129 accusari.
980 4077 1025 4140 (a.
1046 4091 1076 4127 ιι.
1107 4084 1156 4130 tur
1177 4072 1213 4128 de
1231 4072 1343 4130 Milone
1375 4091 1430 4148 per
1456 4092 1516 4129 vim
1539 4081 1575 4139 (a
1596 4071 1763 4146 Pompeio)

426 4164 453 4200 c.
474 4149 553 4215 698.)
574 4147 611 4202 ad
632 4144 737 4217 Q.Fr.
759 4156 786 4216 2,
807 4153 836 4215 6,
857 4151 885 4206 6.
915 4146 1077 4206 οι1.11)ιιι.
1108 4149 1243 4224 expulso.
1279 4149 1316 4205 ad
1348 4149 1412 4205 Att.
1443 4156 1477 4217 9,
1505 4153 1557 4214 ti,
1588 4156 1616 4204 2.
1641 4177 1672 4189 -
1696 4145 1763 4219 Qua

425 4222 482 4296 ΕΡ.
506 4229 532 4283 7.
557 4249 587 4261 -·
610 4223 648 4276 Α.
671 4240 701 4280 u.
723 4242 749 4281 c.
768 4228 834 4283 698.
857 4224 892 4281 dc
912 4227 941 4280 vi
955 4241 1079 4282 accusa·
1108 4225 1266 4291 facilitate,
1302 4243 1359 4300 qua
1388 4226 1569 4281 humanitate
1601 4223 1764 4353 Pompeius

287 4304 307 4317 ⁹
427 4306 511 4352 tusa
541 4296 576 4353 P.
599 4295 714 4354 Clodio.
746 4318 802 4374 pro
829 4297 929 4356 Sestio
955 4305 1007 4367 qq,
1031 4303 1076 4357 95.
1108 4301 1174 4356 tulit
1197 4303 1421 4356 contentionem
1441 4319 1538 4356 meam
1559 4317 1615 4373 pro
1636 4299 1679 4355 Mi
1691 4316 1762 4362 one,

426 4371 503 4430 lbid.
524 4376 578 4441 69,
600 4377 663 4431 tbi.
695 4380 734 4413 ·-‘
753 4374 781 4429 A
801 4375 836 4431 P.
858 4374 962 4432 Clodio
985 4374 1079 4432 aedile
1109 4377 1317 4433 adversantem
1330 4375 1479 4432 interdum
1492 4373 1661 4432 actionibus
1683 4372 1764 4429 suis!

428 4448 515 4504 dcvi
538 4457 693 4503 accusatus
716 4449 794 4525 apud
817 4451 960 4525 populum
978 4469 1079 4507 mense
1109 4452 1146 4508 ad
1165 4452 1248 4508 Fam.
1271 4458 1298 4517 5,
1322 4459 1367 4516 10,
1391 4458 1436 4509 10.
1461 4481 1492 4491 -
1514 4451 1549 4506 ln
1569 4469 1636 4506 eum
1655 4449 1764 4506 laisum

427 4521 518 4580 Febr.
540 4542 569 4577 a.
587 4541 616 4578 u.
632 4543 658 4580 c.
673 4527 739 4582 698.
775 4525 812 4581 ad
832 4524 870 4597 Q.
887 4526 939 4583 Fr.
960 4533 987 4595 2,
1006 4531 1034 4591 5,
1051 4537 1076 4584 1.
1108 4525 1310 4583 testimoninm
1323 4527 1398 4583 dixit
1410 4527 1445 4583 P.
1460 4525 1614 4593 Vatinius;
1630 4525 1763 4580 'eundem

432 4599 539 4655 -Pro
562 4617 597 4655 eo
617 4599 694 4655 dixit
710 4600 869 4674 Pompeius
883 4620 909 4656 a.
924 4621 951 4657 u.
968 4621 995 4663 c.
1010 4607 1077 4662 698.
1130 4612 1212 4659 osteo
1225 4601 1367 4658 laudavit.
1385 4605 1414 4658 iu
1431 4603 1583 4659 Vatinium
1606 4607 1649 4666 17,
1666 4601 1715 4657 to.
1730 4626 1761 4638 ·-

428 4674 465 4730 ad
483 4674 565 4730 Fam.
583 4672 694 4741 1‚5.b.
711 4675 841 4733 1.-oe
852 4676 973 4735 Milonis
992 4678 1080 4735 lami·
1109 4623 1144 4733 ln
1163 4694 1198 4733 re
1234 4675 1331 4733 ublica
1353 4676 1588 4735 administranda
1606 4675 1644 4731 T.
1661 4675 1765 4731 Annio

427 4749 556 4805 liaritate
574 4752 610 4808 P.
628 4749 772 4807 Lentulus
787 4749 932 4826 Spinther
947 4754 1080 4829 gratula-
1110 4772 1177 4809 cum
1211 4695 1246 4809 l.
1276 4751 1375 4810 Sestio
1404 4754 1597 4810 consiliorum
1632 4750 1766 4807 omnium

429 4821 516 4879 batur
539 4824 690 4882 Ciceroni.
730 4824 806 4883 Ibid.
838 4833 869 4894 7,
899 4833 926 4886 7.
951 4857 982 4870 ·-·
1007 4829 1081 4886 Cum
1109 4830 1237 4886 societas
1256 4829 1320 4884 fuit.
1349 4829 1425 4886 Ibid.
1448 4843 1472 4894 1.
1497 4833 1544 4888 ti.
1569 4857 1600 4868 -
1623 4826 1767 4885 Cinom·

429 4916 464 4954 eo
485 4900 516 4953 in
539 4904 666 4974 gratiam
687 4902 778 4959 rediit
802 4901 836 4960 C.
860 4903 945 4961 Cato.
977 4908 1023 4971 (a.
1048 4922 1078 4960 u.
1110 4905 1182 4960 niuo
1207 4904 1332 4961 Asconii
1354 4915 1560 4982 argumentum
1581 4901 1765 4961 Miloniauae

429 4990 456 5028 c.
481 4979 558 5043 700.)
593 4979 631 5032 ad
652 4979 715 5034 Att.
744 4980 779 5047 lt,
809 4987 860 5047 16,
888 4985 915 5040 5.
947 5009 977 5020 -
1005 4980 1081 5036 Ειιιιι
1133 4987 1208 5042 .51.
1236 4999 1321 5057 seqq.
1363 4982 1409 5037 Ex
1438 4981 1575 5037 Lanuvio
1606 4977 1764 5036 oriundus.

430 5049 536 5135 Cicero
579 5070 646 5108 cum
684 5055 921 5112 commendasset
956 5055 1080 5113 Caesari
1109 5000 1185 5114 lbid.
1219 5077 1249 5133 p.
1272 5064 1318 5118 52.
1359 5057 1405 5113 Ex
1430 5057 1541 5113 familia
1571 5057 1626 5112 luit
1650 5055 1764 5129 Papia,

430 5142 511 5180 01101
529 5142 557 5178 1·
573 5143 602 5181 11·
621 5144 647 5183 t·
663 5135 740 5197 700.,
759 5129 851 5188 verba
866 5131 1021 5189 Ciceronis
1034 5132 1081 5188 lu·
1109 5131 1217 5191 deinde
1232 5133 1388 5208 adoptatus
1405 5131 1443 5188 ab
1457 5132 1491 5189 C.
1506 5133 1567 5201 (T.)
1578 5132 1690 5198 Annio,
1705 5148 1763 5186 aro

429 5202 469 5256 sit
488 5198 611 5257 Cacsar.
640 5204 677 5259 ad
699 5203 783 5261 Fam.
806 5213 833 5278 7,
857 5213 885 5280 5,
908 5216 937 5272 5.
962 5239 991 5251 -
1015 5206 1078 5266 cic.
1108 5227 1163 5268 suo
1182 5218 1330 5268 materno.
1351 5205 1428 5265 Ibid.
1446 5227 1476 5283 Ρ.
1497 5211 1544 5269 55.
1573 5208 1684 5265 Variae
1700 5210 1763 5263 eius
