4367 6084
783 650 826 732 Q.
843 648 1021 718 numus
1044 650 1314 722 scanvons.
1653 659 1720 751 tos

380 793 426 847 tio
445 789 629 846 detensionis
656 791 696 847 ita
723 789 922 848 describitur:
951 794 1040 846 Dixit
1067 796 1147 847 civile·
1165 795 1271 848 dixisse
1290 805 1403 864 aurat,
1422 807 1455 850 at
1472 805 1609 854 nemiuem
1627 807 1657 854 r'a
1669 820 1721 873 po-

380 874 449 919 r'tem
469 885 583 918 euersam
604 867 681 918 illam
703 868 823 936 qreadam
844 887 881 919 ex
900 878 984 938 parts
1004 870 1038 939 Q.
1063 870 1132 940 pulo
1143 870 1241 941 fuisse
1258 873 1367 939 credat,
1388 879 1435 945 qui
1446 875 1592 946 qrridqnem
1603 883 1721 947 polltirts

378 945 495 995 Mucius
510 960 588 995 more
605 960 656 993 sao
673 944 749 995 arella
763 953 905 1012 apparatis
920 962 991 1015 pure
1011 954 1038 996 et
1066 954 1118 997 aut
1144 948 1303 1015 elegantius
1330 957 1383 1001 aut
1411 956 1523 1003 omnino
1548 954 1646 1004 melias
1668 962 1720 1005 aut

378 1018 520 1077 dilucidet
545 1026 591 1073 et:
620 1018 676 1092 Sed
702 1018 736 1087 Q.
758 1019 873 1070 Mucius
897 1021 1038 1072 enucleate
1066 1031 1249 1092 exspectaret
1267 1033 1318 1075 aut
1331 1041 1415 1095 posse
1426 1023 1501 1098 fiert'
1513 1034 1639 1097 putaret.
1677 1030 1720 1081 At

378 1096 428 1148 ille
448 1095 555 1164 quidem
575 1102 603 1144 et
620 1095 725 1163 polite,
745 1102 776 1144 at
791 1095 916 1160 solebat,
936 1113 1038 1165 marra·
1064 1115 1133 1149 aero
1153 1099 1315 1168 iutelligeres
1334 1109 1362 1151 el
1381 1099 1489 1166 doctus,
1510 1101 1626 1154 aitdleas
1636 1104 1721 1157 Seee·

377 1189 462 1240 qream
475 1178 570 1220 autem
586 1187 620 1218 ea
635 1174 667 1220 υἱ
681 1177 766 1236 atque
784 1176 875 1241 copia,
892 1189 975 1241 qtram
989 1189 1038 1238 ge·
1064 1173 1176 1236 volam,
1204 1175 1344 1226 sentiebat
1368 1192 1427 1226 esse
1453 1176 1591 1245 quoddam
1611 1179 1721 1230 uberius

377 1263 433 1297 aas
461 1245 532 1296 illud
559 1244 655 1296 iredlcil
685 1253 713 1295 et
743 1246 908 1313 magnitudo
936 1264 1038 1298 causae
1065 1247 1176 1299 dicendi
1193 1259 1332 1318 generet
1352 1257 1491 1305 ornatius.
1530 1250 1597 1307 Hoc
1616 1251 1720 1311 deerat

373 1321 554 1391 postulabat.
574 1318 619 1374 De
628 1318 751 1393 Augure
765 1320 805 1374 ita
815 1320 922 1376 Cicero
936 1319 1035 1395 (Brut.
1065 1321 1206 1379 Pontifici
1225 1342 1318 1391 max„
1340 1331 1388 1397 qia·
1404 1327 1513 1397 quidem
1532 1346 1593 1379 eum
1603 1347 1721 1399 peraea-

378 1401 460 1461 36.):
491 1397 606 1447 Muclus
629 1399 731 1464 Arrgrer
756 1397 832 1466 qreod
847 1415 901 1467 pro
920 1416 950 1449 se
969 1415 1038 1468 opas
1065 1407 1112 1449 tus
1131 1408 1221 1463 esset,
1246 1409 1304 1451 tam
1323 1402 1419 1453 uerbis
1438 1411 1502 1453 erat
1521 1403 1562 1454 ad
1579 1422 1639 1455 rem
1658 1422 1720 1456 caat

378 1481 460 1536 erat,
480 1481 540 1542 ipse
559 1472 671 1522 dicebat
688 1499 726 1513 ·—
743 1477 769 1522 is
785 1482 932 1524 oratorum
945 1478 973 1524 ia
987 1492 1037 1525 are-
1063 1492 1172 1526 summa
1190 1475 1333 1529 brevitate
1351 1478 1521 1529 mirabiliter
1547 1488 1638 1547 aptita.
1679 1482 1721 1531 At

378 1566 457 1599 mero
476 1565 533 1599 aaa
546 1548 624 1617 fuit.
660 1544 773 1603 Causas
794 1548 886 1620 igitur
906 1566 966 1604 non
987 1567 1037 1603 re·
1064 1555 1094 1601 ia
1114 1551 1260 1619 asogrado,
1286 1556 1316 1603 ia
1343 1553 1487 1618 ornando,
1513 1559 1544 1605 e'rr
1563 1553 1720 1624 refellendo

379 1620 522 1697 cipiebat.
564 1621 597 1677 Si
619 1621 721 1677 Rutilii
742 1641 863 1679 causam
885 1623 1036 1679 delendis·
1063 1631 1156 1694 magle
1180 1632 1363 1680 existimator
1387 1636 1431 1679 est
1449 1628 1611 1680 aretreeadus
1638 1649 1721 1699 aream

379 1708 442 1764 set,
473 1717 532 1754 nott
554 1706 627 1773 puto
651 1698 679 1753 id
701 1696 877 1754 Ciceronem
898 1716 933 1755 co
954 1700 1033 1766 loco,
1064 1701 1248 1754 olestrenae
1267 1713 1367 1755 orator
1385 1710 1514 1774 qrramvt's
1532 1705 1671 1759 mirabills
1690 1710 1721 1758 la

379 1793 439 1850 quo
466 1776 652 1829 contrarium
682 1773 771 1840 dicit,
803 1776 1034 1847 praeteriturum
1063 1774 1115 1828 liae
1134 1778 1343 1848 interpretandi
1367 1779 1590 1850 expleneedtqae
1615 1789 1643 1832 et
1663 1781 1722 1835 dis·

378 1851 483 1906 fuisse.
520 1850 561 1905 At
580 1849 720 1905 Pontifex
739 1867 818 1904 max.
841 1868 947 1906 causas
967 1859 1035 1906 stu·
1062 1853 1175 1904 serendi
1199 1871 1312 1922 genere.
1352 1853 1467 1925 Quodsi
1493 1855 1524 1910 iu
1546 1853 1595 1911 illu
1616 1870 1718 1925 causa,

379 1927 464 1981 ‹liose
483 1923 648 1999 recipiebat
668 1925 736 1993 (cir.
761 1923 824 1981 Cic.
846 1924 932 1982 Brut.
955 1927 1033 2000 ta.);
1062 1925 1099 1981 ad
1130 1945 1220 2003 quarn
1252 1931 1460 2002 paratissimus
1490 1931 1574 1985 veuit
1602 1930 1716 1989 Pontis.

378 1999 495 2057 solebat
514 2003 605 2074 igitur
626 2018 732 2056 causas
751 2018 851 2073 agere,
872 2001 1034 2078 quodcum
1063 2020 1160 2067 meu,
1195 2003 1365 2076 intelligens
1396 2014 1426 2060 et
1458 2004 1563 2061 doctus
1595 2005 1719 2064 uberius

378 2077 537 2134 Ciceronis
565 2074 667 2131 verbis
694 2077 847 2150 aptissime
875 2079 1033 2151 congruit3
1105 2077 1212 2134 oddaut
1234 2090 1322 2156 atque
1341 2082 1477 2136 ornatius
1492 2079 1611 2137 dicendi
1625 2100 1720 2154 genus

376 2171 448 2208 nam
469 2159 499 2207 et
518 2149 560 2207 ibi
581 2162 626 2207 est
646 2150 728 2206 illum
748 2150 787 2223 Q.
807 2150 939 2209 Mucium
959 2171 1035 2207 more
1085 2153 1259 2222 esiderarit‚
1282 2155 1353 2231 quid
1374 2154 1564 2213 censebimus
1578 2156 1721 2214 doctissi-

375 2247 430 2279 euo
448 2228 573 2292 fecisse,
602 2245 668 2282 euru
694 2229 806 2281 solitum
824 2248 892 2282 esee.
932 2230 1035 2282 Dteere
1062 2247 1142 2285 muru
1154 2241 1306 2287 oratorem
1317 2230 1535 2289 M.Antouiuiu
1546 2234 1719 2289 inescans·

377 2315 496 2367 sutem,
518 2305 597 2358 sicut
617 2300 707 2368 alibi,
735 2304 915 2378 praesertim
936 2306 966 2360 iu
988 2305 1034 2360 his
1063 2305 1267 2373 desiderasse,
1299 2308 1330 2362 in
1358 2325 1415 2382 qua
1437 2307 1536 2363 nullus
1557 2308 1616 2363 iuri
1636 2307 1720 2366 civili

375 2377 465 2434 libris
492 2378 653 2434 rhetoricis
685 2397 745 2434 nou
777 2389 823 2433 est
851 2379 950 2455 loqui,
982 2378 1034 2435 sed
1063 2381 1147 2435 locus
1173 2390 1256 2445 erat,
1289 2399 1365 2456 quse
1389 2401 1449 2438 nou
1473 2381 1670 2439 disserentem
1690 2391 1722 2440 et
1768 2386 1771 2398 '

378 2471 479 2518 orare,
494 2453 588 2509 verba
604 2456 714 2518 lacere,
730 2458 898 2511 orationem
912 2452 1032 2511 habere.
1064 2458 1313 2530 interpretantem
1335 2469 1365 2512 et
1385 2458 1595 2532 explanantem
1615 2468 1720 2515 orato-

378 2531 484 2605 ltaque
512 2528 663 2604 quomodo
691 2530 864 2606 Augurem,
897 2533 946 2605 qui
978 2531 1034 2586 hoc
1062 2549 1137 2596 retu,
1161 2532 1292 2584 sedeam
1310 2539 1370 2584 vim
1389 2539 1529 2585 orationis
1543 2535 1719 2604 postumat,

378 2623 463 2660 ruore
483 2622 538 2661 suo
558 2606 658 2661 lacere
678 2617 885 2680 connotent,
908 2624 973 2661 cum
989 2606 1034 2661 di·
1061 2625 1149 2675 areae,
1177 2612 1305 2678 quamvls
1333 2610 1376 2659 illi·
1396 2607 1528 2679 fuissent
1558 2609 1719 2662 Graeclam

378 2698 449 2736 cere
470 2680 673 2746 consuleret,
695 2681 744 2737 hic
759 2684 857 2755 'sotius
872 2680 1033 2755 intelligam
1062 2681 1169 2732 ludices
1187 2682 1379 2752 publicanique
1401 2694 1596 2749 aceruatores,
1624 2693 1721 2737 temen

378 2775 466 2832 quam
487 2774 565 2820 antu,
588 2760 639 2831 qui
661 2755 689 2811 id
711 2757 836 2821 solebat,
860 2775 921 2812 non
936 2756 1035 2813 video.
1062 2775 1170 2809 omnem
1189 2776 1283 2810 eorttm
1302 2763 1546 2828 importunitatem
1561 2765 1720 2812 extulistis

377 2861 415 2875 -
444 2832 484 2887 At
510 2833 573 2904 ipse
599 2831 705 2887 modus
733 2832 851 2889 dicendi
874 2851 934 2888 non
955 2831 1035 2889 cadit
1061 2833 1188 2884 semilae
1206 2834 1371 2886 evellisset?
1401 2833 1510 2889 Nonne
1531 2844 1670 2908 putamus
1691 2837 1719 2891 ei

377 2909 410 2963 in
431 2906 608 2964 Pontificem
629 2925 726 2973 trrax.;
749 2912 774 2964 is
794 2910 874 2963 enim
895 2909 949 2964 luit
970 2907 1033 2964 elo·
1064 2909 1160 2962 visum
1181 2926 1247 2965 esse
1268 2906 1445 2965 Scaevolam
1467 2909 1547 2965 nullo
1568 2921 1717 2983 apparatu

378 2982 782 3058 quentissimus.-Vellem
793 2983 945 3040 Corradus
961 3002 1034 3058 pro·
1065 2982 1187 3038 dicere?
1226 2981 1303 3040 Nam
1336 2987 1386 3060 qui
1416 2986 1563 3040 orationis
1593 2995 1718 3040 ornatus

378 3059 507 3124 tulisset,
529 3059 608 3114 nude
629 3061 685 3115 hoc
707 3057 865 3134 probarem
889 3077 981 3131 grave
1003 3059 1031 3114 id
1062 3077 1170 3114 causac
1190 3059 1325 3134 privatae
1347 3057 1476 3133 sufficit,
1508 3061 1533 3116 is
1554 3058 1653 3115 nullus
1673 3068 1720 3114 est

378 3134 497 3210 quidem
511 3145 590 3191 esset
604 3145 820 3208 argumentum.
842 3133 901 3190 Sed
916 3137 942 3190 si
956 3135 1033 3190 sorte
1062 3137 1093 3191 in
1115 3152 1205 3190 causa
1226 3136 1333 3209 eapitis
1360 3153 1455 3211 neque
1475 3155 1513 3210 ap
1536 3147 1638 3191 aratus
1659 3134 1720 3191 dici

378 3213 453 3266 hacc
474 3209 537 3265 laus
552 3212 751 3286 eiaquodam
767 3211 917 3284 scriptore
931 3221 1033 3266 vetere
1062 3220 1178 3283 potest;
1207 3212 1257 3284 qui
1278 3210 1373 3286 qualis
1394 3229 1460 3266 esse
1481 3155 1587 3266 delicat
1615 3212 1645 3266 in
1666 3210 1718 3267 tali

377 3283 532 3351 tribuitur,
555 3298 653 3341 taruen
673 3306 730 3342 non
746 3305 867 3360 possum
883 3286 1033 3341 assentiri.
1062 3304 1153 3340 causa
1167 3294 1278 3359 optiiue
1293 3287 1478 3342 demonstrat
1493 3289 1556 3360 ipse
1566 3289 1718 3343 Antonius

377 3361 456 3417 Nam
477 3362 593 3435 qualem
614 3366 640 3417 ei
662 3363 769 3419 Cicero
794 3360 899 3417 tribuit
919 3364 1034 3417 oratio·
1063 3361 1141 3435 apud
1163 3360 1340 3418 Ciceronem
1362 3370 1390 3427 2,
1405 3365 1454 3426 113,
1469 3367 1516 3420 55.
1546 3361 1718 3437 Descriptio

379 3455 459 3501 netu,
482 3455 515 3492 ea
537 3438 667 3492 nortdum
689 3446 734 3493 est
754 3438 922 3513 eloquentia
938 3441 1034 3493 nomi·
1062 3439 1155 3509 igitur
1175 3440 1320 3495 orationis
1342 3457 1402 3493 non
1424 3438 1558 3511 impedit,
1582 3456 1640 3513 quo
1661 3440 1718 3494 mi·

378 3513 490 3567 nanda.
519 3512 598 3583 Quid
614 3517 691 3568 enim
715 3514 771 3568 hoc
792 3523 847 3579 est,
870 3513 927 3568 nisi
948 3523 1033 3568 caute
1064 3532 1120 3568 uus
1134 3510 1311 3569 Pontificem
1327 3533 1405 3569 max.
1426 3512 1637 3586 intelligamus,
1661 3515 1720 3568 im-

378 3588 472 3663 loqui,
495 3589 520 3644 si
542 3606 628 3663 quem
647 3595 717 3641 uerte
732 3596 888 3659 peritorum
908 3590 1034 3660 eloquea-
1062 3607 1112 3644 mo
1132 3591 1196 3644 eius
1217 3589 1305 3647 tuedo
1326 3588 1443 3645 dicendi
1458 3590 1586 3644 maxime
1604 3607 1719 3645 couve-

378 3671 518 3716 tissimum
537 3665 623 3720 dicis.
651 3665 789 3730 Crassus,
811 3667 860 3720 vir
879 3666 1033 3720 turrianis·
1064 3665 1118 3719 uit.
1143 3693 1174 3704 -
1198 3662 1258 3720 Sed
1284 3672 1409 3740 quaeret
1434 3664 1562 3719 fortasse
1590 3664 1716 3739 aliquis:

378 3742 485 3804 simus,
508 3758 573 3795 eum
595 3741 681 3795 etiam
702 3742 886 3808 eloquentium
902 3746 1034 3810 tiertspe-
1062 3740 1126 3796 Cur
1145 3757 1218 3795 vero
1238 3759 1305 3795 eum
1326 3741 1425 3814 potius
1453 3758 1541 3816 quam
1562 3740 1717 3814 Augurem

378 3822 544 3868 rittsstmum
566 3816 639 3871 dicit
656 3818 706 3882 (de
722 3815 776 3871 Or.
798 3825 825 3883 1,
841 3815 922 3889 39),
945 3834 1033 3888 quam
1062 3812 1265 3890 significatum
1291 3833 1356 3870 esse
1376 3815 1448 3871 vis?
1476 3833 1544 3871 usur
1565 3815 1644 3890 quod
1665 3814 1716 3871 di-

377 3891 497 3946 laudem
510 3893 565 3964 ipsi
577 3891 688 3947 Crasso
698 3889 803 3947 tribuit
813 3891 921 3948 Cicero
936 3890 1033 3965 (Brut.
1063 3892 1135 3946 xisti
1146 3893 1298 3965 Augurem
1313 3910 1373 3947 uon
1388 3909 1453 3947 esse
1467 3891 1587 3947 solitum
1601 3891 1716 3957 dicere,

378 3971 457 4031 39.);
485 3967 536 4022 sed
559 3966 607 4021 ille
627 3978 673 4021 est
694 3965 839 4031 Crassus,
870 3969 919 4042 qui
946 3966 1034 4023 facile
1063 3964 1092 4022 id
1114 3968 1232 4041 quidem
1254 3967 1403 4033 concedo,
1426 3966 1507 4022 side
1528 3964 1717 4023 orationibus

378 4041 465 4096 alteri
485 4039 687 4107 concedebat,
710 4060 784 4116 quae
805 4041 860 4096 soli
882 4043 939 4118 ipsi
959 4060 1033 4116 pro·
1063 4044 1093 4097 iu
1114 4044 1199 4110 soro,
1225 4042 1302 4173 agad
1323 4041 1484 4098 tribunalia
1506 4039 1651 4098 habendis
1672 4041 1719 4096 lo·

378 4119 445 4191 pria
467 4129 584 4183 essent;
612 4127 642 4172 et
668 4118 738 4193 quid
761 4116 841 4173 uliud
861 4120 888 4173 ei
908 4136 1033 4173 conces·
1063 4120 1176 4190 queris,
1198 4136 1230 4173 se
1265 4121 1294 4173 iu
1309 4128 1415 4173 senatu
1430 4128 1511 4172 certe
1526 4135 1616 4192 saepe
1631 4117 1716 4172 dixit.

378 4197 419 4246 sit
440 4193 511 4246 haec
532 4193 658 4248 diceudo
679 4211 787 4267 qrtam,
811 4192 891 4267 quod
909 4212 1034 4267 praeer-
1064 4193 1143 4263 Quid
1165 4196 1265 4264 igitur,
1288 4197 1313 4249 si
1335 4194 1392 4249 huc
1413 4192 1485 4248 illud
1499 4210 1583 4248 more
1597 4210 1652 4248 suo
1667 4209 1718 4246 re-

378 4267 434 4332 dit,
456 4275 613 4320 orationem
633 4272 760 4321 limatam
784 4278 867 4339 etque
885 4270 1034 4321 sirltilem?
1063 4270 1197 4325 teratur?
1212 4298 1248 4311 -
1268 4268 1313 4323 Ne
1334 4268 1364 4324 id
1384 4267 1502 4343 quidem
1521 4265 1588 4324 lieri
1608 4273 1717 4342 potest.

377 4345 452 4399 hacc
481 4361 517 4398 ne
544 4342 581 4401 ab
605 4344 656 4400 illo
676 4344 794 4421 quidem
815 4342 916 4409 abest,
947 4362 1033 4419 quem
1064 4344 1218 4399 Orationis
1238 4343 1319 4397 enim
1338 4343 1503 4418 descriptio
1517 4362 1578 4399 uon
1593 4342 1672 4397 cadit
1686 4343 1718 4395 in

378 4419 891 4495 quaeritans-QuodCorradum
908 4423 1033 4474 irraxime
1064 4420 1227 4493 Augurem.
1256 4417 1354 4475 Unnin
1376 4418 1449 4475 illud
1471 4418 1717 4492 deprehenditur,

376 4497 509 4550 movisse
527 4495 665 4560 videtur,
693 4505 739 4550 est
759 4495 831 4550 illud
851 4497 927 4547 nietto
948 4514 1035 4565 appa·
1063 4492 1143 4570 quod
1165 4493 1277 4547 nullum
1298 4506 1476 4568 apparatum
1489 4493 1587 4549 attulit
1600 4502 1716 4557 orator,

377 4581 463 4636 rata,
493 4573 613 4626 minime
645 4574 845 4634 conveniens,
878 4581 909 4625 ut
937 4580 1032 4645 putat,
1063 4567 1349 4624 ceteralaudantur.
1378 4569 1717 4641 IuAugurisoratioue

377 4644 536 4702 l'ootilicis
557 4665 636 4701 max.
659 4647 801 4702 orationi.
843 4646 908 4702 Hoc
933 4649 1032 4701 videa·
1064 4641 1138 4699 niliil
1158 4642 1394 4708 eratlaudaliile,
1418 4646 1476 4701 nisi
1492 4644 1570 4699 sorte
1585 4644 1717 4698 suavitas

377 4740 453 4777 urus.
476 4751 515 4764 -
541 4722 585 4777 De
605 4719 752 4777 I'ontilice
774 4741 851 4776 rriax.
874 4721 980 4777 Cicero
1002 4722 1031 4775 iu
1065 4720 1147 4772 vocis
1167 4728 1196 4772 et
1216 4735 1321 4792 purus,
1345 4720 1373 4776 id
1388 4730 1444 4783 est,
1467 4718 1593 4774 Latiuus
1608 4735 1719 4774 serino.

377 4797 473 4853 Bruto
495 4796 637 4874 loquitur,
661 4799 822 4870 praecipue
843 4795 916 4868 Cap.
939 4802 984 4856 39.
1005 4806 1033 4851 et
1064 4794 1103 4851 [lt
1122 4796 1275 4856 outittmu,
1304 4796 1382 4869 qnod
1403 4796 1554 4850 Antonius
1575 4794 1658 4866 (Cic.
1681 4793 1717 4849 dc

377 4873 451 4946 Cap.
475 4878 540 4937 52..
564 4890 741 4949 quamquam
763 4872 804 4927 ibi
826 4883 939 4926 tantum
961 4889 1032 4925 con·
1063 4870 1118 4926 Or·
1137 4878 1165 4934 t,
1180 4875 1242 4937 55.)
1262 4870 1325 4925 eins
1345 4881 1436 4922 artem
1455 4870 1616 4923 indotatam
1636 4877 1718 4938 alque

377 4968 441 5003 saur
464 4950 594 5020 attingit,
617 4966 692 5024 quae
714 4948 750 5004 ad
773 4950 817 5003 ius
838 4947 924 5002 civile
938 4949 1034 5021 perti·
1062 4952 1231 5015 incomptam
1252 4952 1341 5001 vocat
1361 4955 1441 5010 (nam
1462 4945 1490 5000 id
1511 4944 1638 5000 lortasse
1652 4944 1719 5019 pte:

376 5035 438 5088 net,
462 5027 492 5079 in
514 5043 573 5100 quo
594 5025 734 5081 Pontifex
756 5042 834 5078 max.
857 5033 922 5076 erat
941 5041 1034 5096 pars-
1065 5025 1166 5097 risque
1187 5040 1248 5077 rem
1266 5040 1324 5077 uon
1340 5023 1413 5076 satis
1429 5018 1579 5077 ridebitur
1594 5020 1718 5077 demon·

377 5102 524 5155 tissimus.
553 5099 761 5156 Inhsccausa
782 5117 847 5153 euru
868 5117 928 5150 erem
942 5104 1033 5169 perite
1062 5097 1190 5171 strarc);
1220 5095 1298 5153 idem
1319 5095 1407 5165 (lbid.
1427 5095 1491 5167 119.)
1512 5097 1598 5168 plane
1618 5095 1717 5172 loqui-

375 5185 404 5227 et
424 5183 564 5240 scienter,
592 5186 650 5229 tam
675 5183 719 5228 ita
742 5177 867 5227 breviter
891 5183 921 5227 et
937 5191 1034 5247 presse
1063 5185 1129 5230 tur:
1153 5191 1206 5243 per
1225 5173 1292 5224 milit
1311 5179 1412 5224 mirum
1436 5179 1529 5224 visitat
1549 5182 1607 5240 est,
1632 5173 1719 5225 Scas-

375 5261 404 5303 et
423 5258 498 5304 eatr‘e
517 5260 619 5304 emese
644 5261 673 5304 et
690 5255 890 5321 pereleganter
916 5251 951 5303 de
973 5256 1035 5302 lure
1062 5251 1130 5304 ecla
1149 5249 1314 5324 (Augurem
1328 5249 1425 5318 dreit),
1446 5257 1475 5302 le
1493 5247 1544 5303 luc
1563 5249 1606 5302 tttt
1621 5265 1717 5302 seme·
