4367 6084
1059 625 1182 689 316

1052 766 1240 823 nium.
1297 782 1410 841 pro
1438 762 1712 821 Cluentio
1740 765 1835 831 45,
1864 766 1994 823 126.
2027 794 2100 806 -
2139 760 2225 820 Μ.
2255 762 2357 818 Ιιι-

1053 844 1214 898 nium
1254 850 1596 915 praetorem
1641 846 1935 909 memorat
1978 840 2157 897 etiam
2193 836 2352 897 Plin.

1052 908 1128 973 Η.
1174 914 1250 972 Ν.
1296 920 1391 982 55,
1436 923 1528 972 10.

1126 1019 1209 1076 Μ.
1239 1018 1446 1075 lomus
1472 1026 1612 1075 ante
1641 1017 1996 1076 Ciceronem
2020 1018 2091 1077 B.
2124 1018 2357 1083 Ouintii

1051 1113 1292 1152 causam
1313 1093 1627 1170 aliquoties
1644 1095 1800 1168 apud
1816 1093 1882 1151 C.
1899 1093 2209 1171 Aquilium
2225 1112 2357 1169 ege-

1050 1181 1149 1227 rat
1175 1177 1324 1238 (a.n.
1344 1186 1398 1225 c.
1425 1171 1601 1238 673.),
1632 1169 1809 1225 homo
1834 1181 1895 1226 et
1918 1171 1980 1227 in
2009 1169 2141 1226 aliis
2158 1171 2357 1228 causis

1050 1247 1433 1302 exercitatus.
1486 1262 1602 1319 pro
1628 1242 1840 1316 Quint.
1873 1253 1902 1304 1
1925 1287 1942 1313 ,
1973 1252 2028 1307 3.
2054 1246 2359 1304 -Passe-

1047 1322 1240 1381 ratius
1274 1316 1349 1389 de
1386 1319 1563 1376 Iunio
1592 1320 1952 1379 Gracchano
1994 1323 2358 1397 interpreta-

1048 1407 1150 1453 tur
1179 1396 1383 1451 nescio
1411 1412 1525 1472 qua
1553 1397 1791 1452 ratione
1818 1394 2120 1453 inductus.
2175 1398 2358 1452 Tem-

1050 1475 1217 1604 }oris
1271 1469 1511 1547 quidem
1569 1471 1797 1529 rationi
1849 1488 1975 1529 non
2032 1481 2353 1549 repugnat.

1107 1569 1201 1605 aa.

1123 1651 1210 1708 M.
1253 1652 1495 1720 Iumus,
1548 1648 1746 1707 Publii
1784 1651 1991 1708 frater.
2074 1651 2154 1726 (a.
2197 1670 2258 1707 u.
2304 1670 2355 1708 c.

1047 1730 1209 1792 680.)
1284 1725 1461 1783 Verr.
1506 1726 1791 1784 Accusat.
1849 1739 1906 1795 t,
1957 1731 2066 1792 51,
2115 1731 2239 1786 155.
2288 1757 2349 1767 -

1049 1803 1350 1878 Incertum
1377 1812 1490 1868 est,
1520 1811 1718 1859 utrum
1763 1802 1820 1858 hi
1848 1811 1973 1858 tres
2001 1802 2244 1871 fuerint,
2277 1822 2353 1858 an

1049 1878 1188 1942 duo,
1234 1897 1312 1933 an
1353 1894 1511 1933 unus
1548 1876 1841 1953 idemque.

1124 1983 1190 2038 P.
1205 1981 1411 2037 lomus
1435 1979 1639 2037 aedem
1655 1979 1924 2038 Castoris
1952 1979 2156 2041 habuit
2182 1993 2351 2038 tuen-

1051 2056 1186 2113 dam
1228 2056 1310 2122 (id
1355 2067 1477 2122 est,
1525 2056 1888 2127 redemerat)
1926 2058 1999 2114 de
2042 2057 2111 2113 L.
2161 2058 2350 2124 Sulla,

1051 2133 1127 2206 Q.
1173 2129 1411 2190 Metello
1463 2129 1810 2190 consulibus
1862 2138 1962 2203 (a.
2004 2152 2061 2190 u.
2101 2151 2154 2190 c.
2199 2137 2354 2202 674.)

1049 2207 1229 2266 Verr.
1273 2209 1555 2263 Accusat.
1596 2217 1662 2274 1,
1712 2212 1816 2276 50,
1862 2211 1970 2271 150
2012 2219 2070 2265 et
2116 2216 2239 2270 ¹32.
2286 2241 2347 2253 -

1048 2284 1424 2342 Praenomen
1462 2283 1521 2336 P.
1563 2300 1770 2339 omnes
1810 2276 1952 2339 libri
1987 2303 2134 2360 prae
2163 2302 2229 2340 se
2267 2285 2356 2341 fe-

1049 2369 1213 2431 runt.
1269 2357 1391 2414 Sed
1429 2367 1629 2414 tamen
1657 2357 1937 2417 Dukerua
1971 2360 2048 2416 ad
2082 2360 2218 2417 Liv.
2254 2365 2349 2426 δἰ,

1051 2443 1106 2491 1.
1145 2430 1409 2499 dubitat,
1460 2451 1537 2488 au
1577 2435 1655 2489 sit
1691 2434 1890 2509 potius
1926 2432 2039 2498 D..
2093 2434 2252 2513 quod
2294 2437 2354 2490 P.

1096 2527 1422 2639 raeuomfim
1475 2508 1734 2566 alienum
1789 2508 2062 2567 videatur
2105 2531 2139 2567 a
2179 2521 2354 2587 gente

1081 2604 1243 2642 unia.
1380 2604 1476 2641 aa.

1126 2688 1202 2761 Q.
1232 2688 1459 2754 Iunius,
1507 2699 1788 2755 senator,
1838 2688 2014 2746 iudex
2051 2691 2115 2745 in
2141 2689 2353 2747 Verris

1049 2783 1227 2822 causa
1280 2766 1540 2820 reiectus
1591 2783 1624 2819 a
1670 2764 1986 2837 Cicerone.
2065 2765 2147 2839 (a.
2195 2784 2252 2821 u.
2294 2785 2349 2822 c.

1050 2839 1207 2913 683.)
1283 2838 1458 2896 Verr.
1499 2842 1782 2897 Accusat.
1827 2850 1884 2908 1,
1930 2846 1983 2908 7,
2030 2848 2122 2902 18.

1125 2942 1197 3014 Q.
1228 2943 1430 2999 lux-ems
1458 2961 1532 2999 ex
1557 2941 1852 3021 Hispania
1880 2944 2141 3037 quidam.
2203 2943 2375 3001 Cae-³

1051 3036 1153 3076 sar
1195 3016 1348 3076 Gall.
1390 3024 1445 3085 5,
1490 3025 1582 3078 27.

1125 3120 1198 3177 Τ.
1231 3121 1434 3177 lomus
1465 3120 1535 3176 L.
1564 3121 1632 3177 F.
1665 3119 2057 3189 tribunicius,
2102 3142 2222 3199 quo
2249 3142 2353 3180 ac-

1050 3208 1296 3252 cusante
1326 3196 1391 3252 Ρ.
1428 3196 1682 3264 Sestius,
1726 3209 1971 3271 praetor
2002 3198 2351 3273 designatus

1050 3279 1127 3338 (a.
1160 3291 1217 3327 u.
1251 3290 1304 3327 c.
1333 3273 1496 3335 654.)
1539 3273 1736 3345 (pater
1772 3273 2026 3329 sortasse
2067 3274 2134 3330 P.
2172 3273 2353 3331 Sestii

1049 3366 1085 3405 a
1123 3347 1415 3405 Cicerone
1457 3347 1706 3415 defensi)
1748 3346 2056 3405 damnatus
2096 3361 2188 3405 est
2226 3369 2352 3406 aiu-

1047 3419 1228 3478 bitus.
1309 3422 1454 3478 Eius
1511 3422 1735 3479 laudeS.
1817 3422 1986 3479 Brut.
2049 3427 2120 3482 48
2146 3466 2160 3491 ,
2220 3433 2348 3484 180.

1047 3497 1197 3567 ‹„P.
1226 3494 1487 3554 Sestium
1528 3498 1692 3554 illum
1732 3517 1786 3554 a.
1824 3516 1880 3553 u.
1911 3517 1965 3554 c.
1999 3503 2129 3558 654.
2174 3518 2355 3557 accu-

1050 3584 1243 3629 satum
1284 3591 1424 3628 esse·
1457 3591 1565 3629 nec
1593 3574 1808 3648 Pighio
1853 3579 1930 3642 [a.
1961 3577 2119 3642 6534
2162 3594 2353 3653 neque

1048 3647 1346 3705 Wetzelio
1387 3648 1750 3704 credimus.’'
1826 3648 2165 3717 Ennium-r.)

1123 3750 1335 3824 (Ῑυκιι)
1363 3749 1576 3806 Bam-1.
1631 3751 1739 3807 Est
1765 3753 1933 3827 quasi
1963 3752 2207 3809 deorum
2238 3754 2353 3810 im-

1048 3827 1386 3882 mortalium
1429 3822 1720 3884 beneflcio
1767 3837 1826 3881 et
1865 3846 2108 3883 munere
2151 3830 2349 3886 datum

1047 3904 1137 3958 rei
1207 3899 1437 3956 ublicae
1467 3900 1791 3957 Brutorum
1818 3920 2003 3974 genus
2047 3915 2105 3959 et
2134 3924 2349 3962 nomen

1049 3976 1122 4032 ad
1186 3975 1495 4033 ibertatem
1541 3976 1741 4050 populi
1775 3975 2025 4034 Romani
2067 3980 2157 4035 vel
2200 3999 2351 4037 cou-

1047 4053 1408 4107 stituendam
1434 4051 1526 4106 vel
1558 4052 2048 4126 recuperandam.
2095 4055 2350 4133 Philipp.

1045 4131 1105 4191 4,
1143 4132 1198 4192 5,
1241 4136 1294 4186 7.
1346 4155 1406 4165 -
1452 4125 1675 4184 Brutos
1716 4147 1825 4201 ego
1868 4130 2238 4203 impellerem
2277 4133 2348 4187 ad

1047 4200 1532 4261 interficiendum
1546 4200 1890 4269 caesarem,
1916 4223 2170 4280 quorum
2194 4219 2351 4263 uter·
2420 4233 2441 4247 ψ

1091 4297 1162 4333 ue
1203 4278 1270 4333 L.
1300 4277 1472 4333 Bruti
1513 4278 1829 4354 imaginem
1867 4281 2155 4354 quotidie,
2200 4283 2351 4340 alter

1046 4298 1366 4430 pfflarcus)
1419 4355 1594 4409 etiam
1647 4355 1914 4411 Ahalae?
1992 4356 2250 4433 Philipp.
2293 4368 2347 4425 2,

1048 4439 1141 4497 11,
1169 4436 1255 4488 26.
1301 4431 1628 4514 (ἓέράιλιά
1667 4439 1706 4507 η
1742 4432 1947 4508 μήτηρ
1987 4434 2242 4508 ἀνέφερε
2284 4435 2353 4493 τὸ

1046 4505 1216 4583 γένος
1239 4511 1324 4568 εἰς
1349 4507 1516 4563 Azan»
1533 4505 1862 4584 ,ὶέρβίλιον.
1904 4506 2056 4566 Plut.
2074 4508 2245 4566 Brut.
2270 4522 2294 4567 1
2310 4515 2349 4574 .)

1123 4608 1189 4665 L.
1208 4606 1411 4664 Iumus
1441 4607 1700 4663 Baua-us.
1743 4609 1886 4665 Eius
1915 4611 2139 4668 laudes.
2179 4611 2350 4669 Brut.

1628 623 1733 701 Μ,
1775 621 2090 689 IUNIUS
2132 652 2218 669 --
2260 622 2347 687 L.
2389 618 2705 687 IUNIUS
2750 617 3143 689 BRUTUS.

2414 762 2483 818 de
2528 761 2673 837 Rep.
2714 769 2770 829 2,
2817 764 2909 827 25,
2955 764 3051 821 46.
3102 791 3162 802 -
3218 761 3451 839 Regum
3490 755 3733 837 exactio⁸

2413 849 2643 905 mente,
2693 855 2816 893 non
2855 836 3058 914 lingua
3098 839 3361 912 perfecta
3402 837 3477 894 L.
3519 837 3720 898 Bruti.

2413 915 2485 970 de
2527 912 2635 971 Or.
2687 924 2755 979 1,
2809 918 2879 982 9,
2936 921 3029 974 37.
3077 943 3141 953 —
3183 913 3257 970 L.
3296 913 3507 972 Iunius
3561 913 3723 972 Bru-

2413 1000 2507 1045 tus
2556 989 2715 1046 hunc
2798 988 3042 1063 opulum
3094 988 3403 1046 dominatu
3437 992 3611 1061 regio
3647 991 3725 1048 li-

2415 1065 2669 1123 beravit.
2769 1082 2801 1120 e
2836 1063 2945 1122 Or.
2988 1072 3045 1133 2,
3077 1070 3172 1130 55,
3207 1071 3337 1125 225.
3381 1095 3454 1108 -
3497 1064 3729 1123 Civita-

2414 1153 2530 1197 tem
2555 1140 2858 1197 dominatu
2879 1143 3046 1213 regio
3071 1138 3373 1198 liberavit.
3416 1159 3534 1218 pro
3545 1140 3728 1200 Plan·

2415 1219 2509 1274 cio
2544 1221 2637 1284 25,
2671 1222 2764 1275 60.
2813 1245 2873 1255 -
2919 1216 2996 1272 Et
3034 1218 3162 1291 ipse
3203 1215 3513 1274 dominatu
3557 1221 3728 1288 regio

2415 1311 2541 1349 rem
2590 1291 2888 1369 publicam
2934 1288 3215 1349 liberavit
3260 1304 3318 1349 et
3356 1291 3432 1349 ad
3474 1294 3729 1350 similem

2414 1370 2697 1425 virtutem
2738 1378 2796 1423 et
2828 1368 3019 1424 simile
3053 1368 3277 1424 sactum
3309 1370 3568 1444 stirpem
3611 1369 3725 1426 iam

2414 1462 2603 1520 prope
2646 1446 2709 1499 in
2783 1447 2882 1500 uin
2930 1447 3281 1500 entesimum
3324 1462 3547 1500 annum
3578 1463 3723 1519 pro-

2414 1521 2675 1595 pagavit.
2810 1464 3020 1596 hiltipp.
3068 1531 3131 1586 1,
3176 1526 3244 1586 6,
3293 1524 3383 1578 15.
3428 1548 3491 1559 -
3534 1519 3722 1578 Prae-

2412 1595 2612 1651 clarus
2685 1607 2898 1652 auctor
2971 1593 3301 1653 nobilitatis
3369 1593 3467 1652 M:
3522 1594 3718 1655 Bruti.

2413 1670 2660 1728 Tuscul.
2711 1677 2780 1737 11,
2821 1676 2892 1744 1,
2940 1676 2996 1726 2.
3043 1702 3111 1714 -
3153 1668 3285 1728 Hoc
3326 1671 3547 1728 dicitur
3585 1682 3720 1729 tau·

2412 1757 2537 1803 tum
2592 1765 2668 1803 ex
2719 1764 2756 1802 o
2804 1748 3005 1803 inione
3060 1747 3334 1823 volgari,
3389 1762 3546 1824 quae
3595 1758 3721 1804 tum

2412 1833 2564 1890 erat,
2608 1823 2705 1878 cui
2771 1841 2955 1879 avens
2984 1821 3186 1879 Brutis
3235 1840 3566 1901 eorumque
3587 1820 3723 1901 glo·-

2411 1899 2537 1954 riae
2579 1916 2701 1954 non
2742 1897 3101 1973 refragatur.
3158 1897 3312 1955 Nam
3339 1899 3469 1973 ipse
3495 1896 3719 1956 Brutus

2411 1973 2548 2030 inde
2590 1975 2807 2030 ducere
2859 1976 3154 2046 originem
3208 1975 3400 2031 videri
3442 1973 3715 2043 volebat3

2410 2048 2566 2106 unde
2608 2051 2734 2105 eius
2774 2050 3095 2125 imaginem
3134 2051 3199 2105 in
3239 2051 3397 2109 atrio
3438 2047 3715 2107 habehat.

2410 2125 2648 2182 Atticus
2689 2142 2719 2180 e
2754 2124 2765 2134 '
2810 2143 2866 2180 m
2906 2135 3154 2182 stemma
3183 2123 3511 2182 Brutorum
3551 2126 3722 2184 fece-

2409 2211 2528 2268 rat,
2571 2203 2632 2258 in
2673 2218 2754 2277 qu
2809 2204 2864 2255 'a
2905 2196 2978 2258 L.
3015 2199 3207 2257 Bruto
3247 2210 3601 2276 paternum,
3645 2198 3719 2259 ab

2414 2275 2601 2332 Ahala
2642 2286 2977 2332 maternum
3018 2295 3207 2352 genus
3248 2277 3525 2334 duxerat.
3596 2276 3722 2334 err.

2413 2350 2775 2430 Wesseling.
2820 2350 3000 2409 Obss.
3045 2359 3117 2418 2,
3163 2355 3255 2410 16.
3336 2349 3460 2409 Sed
3500 2352 3717 2410 Brutos

2414 2427 2567 2493 illos,
2609 2429 2713 2504 qui
2753 2426 3037 2502 deinceps
3064 2427 3713 2494 commemorabuntur,

2412 2501 2678 2578 plebeios
2722 2503 2906 2559 fuisse
2967 2522 3079 2560 nec
3119 2524 3151 2558 a
3192 2502 3364 2560 Iunia
3405 2504 3507 2561 illa
3546 2513 3718 2581 gente

2412 2580 2663 2653 patricia
2707 2579 3000 2653 originem
3042 2579 3283 2636 duxisse
3323 2579 3501 2635 docet
3541 2596 3721 2636 accu-

2411 2665 2539 2710 rate
2566 2655 2636 2710 P.
2668 2653 2975 2711 Manutius
3002 2655 3073 2710 ad
3103 2654 3217 2729 Ep.
3257 2666 3306 2713 1.
3337 2655 3410 2711 ad
3438 2653 3715 2712 Brutum.

2412 2729 2489 2787 Et
2524 2728 2887 2786 Plutarchus
2928 2733 2989 2787 iu
3032 2730 3223 2787 Bruto
3262 2731 3391 2786 init.
3431 2730 3552 2786 iam
3592 2741 3718 2785 tum

2412 2814 2685 2880 negatam
2727 2823 2857 2862 esse
2895 2804 3056 2862 illam
3084 2827 3116 2861 a
3147 2804 3218 2861 L.
3248 2805 3457 2872 Bruto,
3503 2823 3717 2880 regum

2410 2881 2764 2956 expulsare,
2827 2883 3122 2958 originem
3174 2879 3250 2939 ah
3300 2882 3424 2946 his,
3479 2884 3580 2957 qui
3623 2883 3713 2936 eis

2410 2955 2487 3013 oh
2553 2955 2830 3014 Caesaris
2902 2958 3146 3014 caedem
3219 2958 3414 3015 infesti
3482 2969 3706 3013 essent.

2411 3031 2614 3104 Quid?
2668 3033 2721 3088 si
2761 3052 2794 3089 a
2827 3030 3025 3089 Bruto
3077 3035 3195 3089 orti
3253 3043 3392 3089 snut
3444 3050 3551 3100 eo,
3608 3034 3713 3109 qui

2411 3107 2565 3183 apud
2588 3106 2944 3184 Dionysium
2972 3109 3166 3166 Halic.
3200 3119 3583 3170 memoratur.
3610 3107 3714 3165 nbi

2410 3183 2482 3240 de
2524 3183 2864 3242 seces-inae
2903 3186 2965 3242 in
3000 3184 3264 3242 Montem
3302 3203 3541 3241 sacrum
3582 3186 3717 3257 agi·-

2411 3271 2544 3326 tur;
2607 3258 2714 3335 qui
2747 3258 2862 3319 fuit
2900 3258 3205 3335 plebeius,
3251 3258 3385 3331 Lib.
3426 3263 3481 3320 6.
3524 3278 3577 3315 c.
3604 3266 3714 3318 ·72.

2412 3355 2469 3409 p.
2515 3341 2685 3401 596.;
2742 3337 2844 3412 qui
2890 3346 2949 3392 et
2987 3339 3113 3411 ipse
3156 3336 3226 3393 L.
3272 3336 3479 3391 Iunius
3521 3336 3716 3392 dictus

2412 3422 2501 3467 est
2540 3413 2795 3485 primum
2836 3412 2969 3486 ipso
3009 3410 3123 3468 sibi
3157 3413 3269 3468 hoc
3298 3430 3514 3467 nomen
3543 3410 3718 3468 Bruti

2412 3496 2731 3560 arrogante
2759 3495 3058 3563 tamquam
3085 3488 3262 3543 alteri
3294 3487 3590 3543 libertatis
3618 3506 3719 3542 as-

2410 3563 2666 3626 sertori,
2712 3563 2869 3638 quod
2911 3565 2966 3618 ei
3006 3562 3219 3619 deinde
3259 3565 3501 3619 mansit.
3564 3561 3710 3618 Eas.

2410 3636 2715 3692 Plutarchi
2757 3638 2818 3693 in
2846 3637 3016 3694 Brut.
3049 3648 3100 3697 1.
3146 3635 3332 3694 verba
3366 3640 3512 3696 haec
3539 3647 3711 3694 sunt:

2412 3709 2480 3768 τὸ
2524 3715 2633 3769 τοῦ
2670 3715 2947 3787 Βρούτου
2981 3718 3275 3790 πατρῷον
3312 3717 3484 3790 γένος
3523 3723 3581 3772 οἱ
3614 3709 3718 3770 διὰ

2410 3785 2515 3844 τὸν
2546 3787 2861 3863 Καίσαρος
2902 3788 3097 3864 (γόνον
3140 3792 3386 3868 ἔχθραν
3431 3786 3571 3847 τινὰ
3608 3784 3717 3844 καὶ

2408 3862 2768 3940 δυσμένειαν
2795 3862 3294 3946 ἀποδεικνύμενοι
3329 3865 3486 3938 πρὸ,-
3513 3866 3711 3938 Βροῦ-

2409 3958 2514 3993 τον
2556 3936 2630 3996 οὗ
2667 3957 2862 4012 φασιν
2900 3945 2982 4001 τίς
3020 3938 3126 3999 τὸν
3165 3943 3511 4019 ἐκβαλόντα
3550 3950 3711 4013 Ταρ-

2407 4012 2650 4077 nursam.-
2721 4012 2998 4085 ἀνήκειν·
3071 4016 3245 4075 οὐδέν
3315 4019 3437 4094 γὰρ
3506 4014 3710 4085 ἐκείνῳ

2406 4088 2738 4161 λειφθῆναι
2791 4087 2960 4164 γένος
2999 4088 3276 4149 ἀνελόντι
3334 4091 3475 4154 τοὺς
3529 4093 3713 4156 υἱοὺς,

2407 4159 2563 4220 ἀλλὰ
2607 4161 2886 4240 δημότην
2929 4169 3150 4224 τοῦτον
3193 4169 3532 4245 οἰκονόμου
3580 4166 3713 4222 υἱον

2409 4257 2559 4295 οντα
2587 4239 2863 4314 Βρούτου
2900 4236 3043 4316 ἄρτι
3082 4240 3187 4299 καὶ
3228 4249 3440 4315 πρώην
3471 4247 3555 4304 εἰς
3589 4237 3709 4314 ἅρ-

2399 4331 2601 4395 χοντα
2631 4313 2968 4388 προελθεῖν.
3029 4315 3428 4381 Ποσειδώνιος
3458 4314 3508 4373 δ’
3535 4318 3570 4371 ὀ
3602 4335 3711 4388 qt-

2408 4390 2672 4462 λοσοᾳος
2700 4385 2839 4451 τοὺς
2863 4391 2980 4465 μὲν
3006 4392 3315 4462 ἐνηλίκους
3335 4388 3528 4466 φησὶν
3546 4390 3711 4446 ἁπο-

2407 4461 2632 4521 λέσθαι
2676 4465 2786 4522 τοῦ
2830 4473 3107 4538 Βρούτου
3144 4467 3383 4532 παῖδας,
3422 4465 3501 4528 ὡς
3535 4463 3715 4522 ἱστο-

2385 4606 2387 4611 ,
2410 4556 2614 4632 ρηται,
2647 4539 2852 4629 τρίτον
2885 4543 2944 4600 δὲ
2972 4544 3303 4616 λειφθῆναι
3332 4540 3571 4616 νήπιον,
3597 4539 3712 4612 ἀφ’

2410 4630 2483 4667 ου
2510 4615 2578 4699 τι)
2607 4635 2775 4704 μῖνος
2801 4618 3165 4696 ιὲιρμῆετθαι,
3188 4615 3294 4674 καὶ
3318 4619 3438 4672 τῶν
3463 4634 3528 4708 yf
3557 4615 3713 4673 καθ’

1049 4687 1142 4749 14,
1180 4688 1273 4744 53.
1305 4713 1380 4726 —
1420 4683 1637 4760 Regem
1673 4684 1995 4759 superbum
2038 4706 2155 4744 non
2198 4689 2349 4745 tulit.
2409 4690 2599 4744 αὐτον
2644 4709 2708 4749 εκ
2749 4693 2855 4764 τῆς
2894 4692 3094 4758 οἰκίας
3119 4690 3447 4770 ς-ἐὶυνότων
3483 4709 3715 4762 ἐπισα-

1044 4761 1306 4834 Philipp.
1358 4764 1427 4824 5,
1479 4765 1544 4825 4,
1597 4763 1650 4814 9.
1705 4790 1780 4803 —-
1831 4762 2122 4838 Princeps
2176 4765 2348 4821 huius
2410 4766 2529 4820 νῶν
2567 4763 2902 4839 ἁναιγέρειν
2939 4767 3134 4833 ἐνίους
3170 4765 3318 4842 πρὸς
3358 4770 3468 4823 τὸν
3497 4765 3715 4842 ἀνδρι-

1047 4839 1302 4891 maxime
1343 4835 1741 4892 conservandi
1781 4841 2016 4910 generis
2059 4849 2116 4894 et
2156 4840 2351 4896 nomi·
2406 4837 2567 4897 άντα
2606 4843 2715 4896 τοῦ
2756 4842 3036 4915 Βρούτου
3073 4840 3186 4918 τὴν
3219 4842 3560 4921 ὁμοιότητα
3607 4843 3717 4911 τῆς

1049 4913 1161 4966 nis.
1238 4910 1389 4966 Ibid.
1434 4922 1483 4973 9.
1521 4919 1607 4968 11.
1654 4942 1726 4953 -
1766 4911 1837 4968 L.
1882 4912 2084 4968 Iunius
2127 4913 2348 4972 Brutus
2409 4913 2585 4977 ἰδέας.
2642 4945 2714 4957 -
2769 4917 3008 4991 οι(ῥιιοιιι
3050 4918 3409 4976 Plutarchus
3452 4917 3719 4974 malevo-

1048 4985 1251 5060 populi
1283 4985 1534 5042 Romani
1577 4985 1697 5042 dux
1735 4998 1793 5043 et
1820 4999 2030 5043 auctor
2064 4988 2136 5045 ad
2167 4990 2349 5047 liber·
2406 4988 2479 5044 lis
2521 4990 2828 5049 dumtaxat
2852 4994 3065 5052 tribuit
3093 4996 3474 5060 sententiam,
3519 5003 3714 5049 tamen

1049 5069 1248 5116 tatem.
1307 5061 1378 5116 de
1420 5061 1596 5117 Finn.
1643 5070 1696 5127 2,
1743 5071 1837 5128 20,
1879 5070 1971 5121 66.
2022 5096 2083 5106 -
2131 5065 2201 5120 L.
2246 5068 2371 5142 Iu-¹
2410 5083 2546 5123 vera
2588 5086 2720 5123 esse
2767 5069 3007 5126 videtur
3060 5081 3225 5127 recte
3312 5089 3345 5126 e
3383 5067 3713 5142 Dionysius

1050 5137 1184 5188 nius
1226 5135 1448 5191 Brutus
1488 5136 1714 5211 depulit
1756 5157 1789 5193 a
1831 5137 2063 5195 civibus
2100 5146 2223 5198 suis
2254 5147 2349 5200 in-
2408 5138 2598 5199 Halic.
2645 5149 2701 5208 5.
2745 5153 2835 5204 18.
2876 5145 3026 5220 (cfr.
3078 5144 3196 5203 Dio
3287 5163 3408 5204 ass.
3448 5147 3547 5211 45,
3592 5140 3711 5216 12.)

1047 5211 1264 5268 iustum
1286 5209 1427 5267 illud
1456 5210 1641 5287 durae
1669 5216 1975 5273 servitutis
2004 5218 2208 5296 iugum
2231 5229 2346 5277 cet.
2379 5207 2532 5276 ”eain
2598 5218 2968 5289 defendisse3
3036 5224 3178 5301 quia
3242 5238 3356 5301 per
3420 5219 3706 5279 ducentos
