4367 6084
1222 625 1309 709 Q.
1354 623 1717 693 Muclus
1764 620 2275 692 SCAEVOLA
2318 655 2398 670 —-
2443 570 2936 709 MUMMIuS.

735 771 1055 828 Neminem
1093 787 1169 826 ex
1206 769 1300 826 his
1340 778 1616 825 senatum
1660 766 1883 842 eligere
1923 771 2083 824 mat

727 849 917 904 luisse
956 844 1274 902 credamus
1315 863 1491 920 quam
1521 842 1596 915 Q.
1633 842 1895 900 Mucium
1923 844 2051 901 Au-

733 941 945 996 gurem
974 924 1096 978 vita
1130 922 1395 994 privare,
1441 922 1609 975 cuius
1639 918 1957 992 prudentia
1988 920 2050 975 in

730 1000 1033 1055 sententia
1077 995 1330 1051 dicenda
1359 1006 1423 1051 ut
1447 996 1683 1051 senatui
1708 1013 1887 1069 quam
1917 993 2050 1050 diu-

728 1076 965 1130 tissime
1022 1082 1404 1132 servaretur.
1466 1070 1723 1126 maxime
1777 1073 1863 1126 eis
1920 1080 2051 1127 erat

729 1149 1085 1224 optandum.
1172 1145 1333 1219 Quid
1391 1148 1444 1202 si
1498 1147 1625 1202 veri
1682 1145 2045 1202 simillimum

731 1238 826 1282 est
865 1227 1051 1281 fuisse
1092 1232 1217 1279 tum
1252 1233 1566 1299 praetores
1595 1222 1738 1276 anni
1768 1223 2050 1295 superio-

723 1305 818 1358 ris
862 1317 1220 1377 quacunque
1262 1296 1579 1372 provincia
1620 1296 2049 1368 dignissimos?

725 1376 876 1454 quid
935 1376 988 1430 si
1028 1377 1089 1431 in
1132 1376 1225 1430 his
1269 1372 1344 1446 Q.
1385 1373 1650 1430 Mucium
1693 1369 2049 1429 Pontificem

722 1452 939 1508 maxAE‘
1030 1449 1184 1507 Nam
1248 1450 1406 1525 apud
1471 1447 1830 1505 Ciceronem
1896 1448 2049 1523 (pro

722 1526 939 1584 Rabir.
987 1533 1072 1592 7.)
1125 1525 1378 1600 legimus
1436 1525 1510 1580 ad
1567 1524 2047 1598 persequendum

727 1603 1131 1660 Saturninum
1172 1607 1486 1654 accurrisse
1512 1618 1704 1651 omnes
1722 1609 2046 1670 praetores,

725 1688 988 1732 cunctam
1028 1678 1384 1730 nobilitatem
1428 1693 1496 1728 ac
1535 1681 1904 1739 iuventutem,
1948 1676 2048 1728 Cn.

725 1765 789 1807 et
816 1755 882 1809 L.
913 1756 1219 1818 Domae‘ti’os,
1247 1753 1314 1807 L.
1348 1753 1635 1814 Cras-mm,
1665 1750 1737 1821 Q.
1771 1751 2045 1816 Mucium,
2070 1749 2073 1762 '¹

729 1832 802 1886 C.
834 1829 1152 1893 Claudium,
1192 1829 1286 1882 M.
1318 1829 1602 1890 Drusum,
1642 1843 1833 1877 omnes
1872 1826 2050 1879 Octa-

725 1912 882 1969 vios,
923 1905 1195 1957 Metellos
1235 1914 1351 1959 cet.
1409 1901 1629 1969 Nonne
1667 1901 1925 1956 maxime
1952 1909 2071 1957 es-3

728 1991 828 2038 set
867 1979 1228 2043 mirandum,
1271 1980 1323 2035 si
1364 1996 1606 2041 eorum,
1647 1995 1799 2052 quos
1839 1979 2050 2052 singu-

726 2058 825 2113 los
866 2057 1136 2112 nominat
1175 2053 1426 2118 Cicero,
1487 2070 1663 2108 nemo
1702 2061 1828 2108 tum
1865 2069 2048 2126 prae·

725 2144 832 2188 tor
874 2130 1129 2188 fuisset?
1206 2130 1255 2185 E
1344 2129 1536 2194 idem,
1594 2126 1883 2204 quantum
1937 2126 2048 2183 do-

730 2209 988 2263 ctissimi
1028 2205 1224 2283 Pighii
1325 2203 1593 2261 unalinm
1632 2222 1747 2259 usu
1797 2202 2048 2259 destitu-

721 2295 827 2339 tus
871 2279 1121 2339 definire
1162 2299 1443 2356 possum,
1489 2281 1570 2335 ita
1612 2280 1684 2335 de
1725 2280 1847 2344 eis,
1893 2296 2046 2354 qno-

723 2377 867 2415 rum
909 2359 1149 2413 nomina
1193 2357 1290 2412 hic
1344 2357 1718 2418 invenimus,
1777 2363 2048 2410 statuen-

729 2434 878 2489 dum
918 2451 1051 2487 esse
1092 2449 1344 2488 censeo=
1389 2432 1500 2488 Cn.
1538 2430 1900 2497 Domitium,
1945 2431 2045 2506 qui

725 2529 789 2564 a.
822 2528 881 2564 u.
911 2526 965 2564 c.
994 2512 1130 2567 651.
1174 2505 1452 2563 tribunus
1492 2504 1686 2582 plebis
1727 2505 1872 2572 fuit,
1918 2507 2040 2580 qui,

728 2587 784 2639 si
826 2583 1230 2660 Epitomatori
1258 2583 1416 2638 Livii
1459 2581 1779 2648 credimus,
1823 2598 2042 2637 a.n.c.

725 2665 869 2720 652.
928 2659 1210 2715 Pontifex
1250 2677 1404 2713 max.
1446 2658 1639 2713 factus
1666 2667 1777 2724 est,
1823 2658 2042 2712 omissa

727 2735 1035 2791 aedilitate
1075 2743 1422 2810 praeturam
1455 2735 1676 2809 petisse
1704 2733 1927 2788 factum
1972 2749 2046 2787 ue

729 2829 866 2867 esse
906 2821 1246 2885 praetorem
1302 2811 1363 2864 in
1405 2829 1459 2865 a.
1505 2827 1565 2864 u.
1606 2826 1660 2863 c.
1705 2810 1838 2867 654.
1883 2824 1952 2861 ar
1998 2810 2046 2863 i-

728 2898 889 2951 tror,
935 2885 1007 2941 L.
1053 2904 1198 2942 vero
1227 2884 1512 2942 Crassum
1555 2894 1614 2939 et
1652 2881 1729 2954 Q.
1763 2882 2046 2947 Mucium,

727 2979 885 3037 quos
925 2978 1042 3016 una
1083 2973 1395 3037 praetores
1433 2961 1620 3016 fuisse
1672 2960 1929 3025 scimus,
1986 2969 2047 3014 et

729 3038 803 3093 l..
833 3037 1162 3093 Domitium
1203 3049 1306 3092 aut
1345 3035 1551 3092 eodem
1592 3052 1752 3090 auno
1792 3045 2047 3109 praetu-

728 3132 866 3169 ram
896 3113 1175 3186 gessisse,
1223 3125 1344 3177 aut,
1384 3131 1505 3188 qno
1530 3122 1802 3185 tempore
1830 3128 2046 3166 accur-

726 3198 981 3254 rerunt,
1051 3187 1395 3261 designatos
1461 3189 1645 3242 fuisse
1702 3194 2041 3261 praetores,

729 3282 886 3337 quos
953 3282 1131 3338 saepe
1197 3262 1354 3319 nude
1419 3273 1734 3338 praetores
1799 3272 2042 3318 vocant.

729 3338 912 3411 Quod
953 3340 1279 3395 secundum
1335 3339 1488 3394 hanc
1536 3337 1928 3411 digestionem
1970 3355 2044 3392 ne
2095 3350 2096 3353 ’

726 3433 891 3470 unus
931 3413 1171 3490 quidem
1217 3433 1290 3469 ex
1334 3416 1425 3469 his
1469 3413 1853 3470 nobilissimis
1896 3414 2042 3469 viris

727 3510 842 3546 suo
884 3509 1043 3545 auno
1084 3491 1293 3546 consul
1334 3492 1527 3546 sactus
1569 3498 1695 3555 est,
1754 3489 1813 3544 id
1855 3491 2045 3544 nemi·

726 3585 872 3622 nem
929 3564 1239 3621 offendere
1303 3564 1514 3630 debet,
1576 3584 1711 3621 cuin
1764 3584 1871 3620 sex
1925 3566 2046 3621 sint

728 3643 1058 3718 quotannis
1088 3651 1423 3715 praetores,
1470 3639 1587 3695 duo
1629 3650 1859 3696 tantum
1895 3658 2045 3696 con-

727 3719 914 3774 sules.
969 3717 1179 3792 Neque
1220 3719 1281 3771 in
1326 3717 1397 3772 1..
1436 3716 1658 3772 Crasso
1700 3725 1759 3770 et
1800 3715 1874 3787 Q.
1910 3715 2046 3772 Mu-

729 3797 852 3859 cio,
896 3795 1108 3868 quovis
1137 3793 1312 3848 modo
1343 3801 1773 3866 computemus,
1805 3789 2044 3848 efficere

727 3886 1075 3944 possumus,
1123 3879 1185 3923 ut
1213 3879 1556 3942 praeturam
1588 3878 1645 3922 et
1672 3867 2046 3923 consulatum

728 3947 861 4000 suis
901 3945 1074 3999 annis
1119 3945 1317 4017 adepti
1358 3961 1487 3998 esse
1529 3944 1867 4009 videantur,
1913 3961 2044 3999 cuni

731 4023 899 4075 inter
942 4015 1308 4075 tribunatum
1363 4027 1420 4074 et
1466 4019 1845 4075 consulatum
1885 4018 2047 4075 illius

731 4093 1085 4160 duodecim,
1136 4095 1310 4150 huius
1354 4094 1631 4150 undecim
1673 4097 1816 4150 anni
1854 4096 2048 4152 inter-

731 4171 978 4235 cedant,
1022 4189 1215 4245 neque
1256 4180 1517 4226 statuere
1554 4172 1852 4245 possimus
1880 4170 2050 4226 aedi-

730 4247 998 4314 litatem,
1043 4265 1217 4322 quam
1259 4246 1435 4301 simul
1478 4256 1829 4321 gesserunt,
1876 4246 2048 4301 ditis-

731 4326 924 4377 simos
996 4321 1518 4397 nobilissimosque
1590 4321 1858 4376 homines
1925 4339 2043 4377 non

729 4415 869 4452 esse
899 4409 1106 4453 nactos
1138 4401 1196 4452 iu
1227 4416 1448 4452 annum
1479 4399 1719 4452 tertium
1750 4408 1886 4471 post
1913 4396 2049 4454 Mn-

727 4474 813 4528 cii
855 4470 1246 4528 tribunatum.
1286 4503 1360 4515 —
1399 4472 1562 4528 Nihil
1592 4474 1777 4542 igitur
1803 4471 2046 4528 obstare

727 4547 1007 4613 videtur,
1070 4567 1190 4635 quo
1241 4551 1437 4604 minus
1494 4547 1804 4604 Ciceronis
1863 4544 2045 4603 verba

730 4626 840 4687 ita,
884 4634 951 4678 ut
990 4625 1128 4690 feci,
1174 4627 1664 4695 interpretemur,
1710 4641 1827 4699 quo
1863 4623 2043 4688 facto,

727 4708 1017 4774 praetura
1042 4701 1311 4755 Asiatica
1334 4696 1646 4754 I’ontilicis
1670 4717 1829 4753 max.
1857 4699 2047 4771 aptis-

728 4778 884 4829 sime
936 4776 1217 4849 congruit
1273 4793 1407 4830 cum
1464 4791 1665 4828 rernm
1717 4774 1930 4829 ordine
1988 4773 2046 4826 in

730 4849 990 4906 Diodori
1018 4850 1424 4926 Fragmentis,
1474 4852 1598 4904 sive
1641 4866 1770 4903 eam
1814 4853 1873 4904 in
1905 4866 1958 4902 a.
1985 4865 2044 4900 u.

732 4944 791 4980 c.
836 4929 970 4984 655.
1016 4927 1362 4982 reiieiamus
1404 4927 1530 4981 sive
1572 4941 1730 4978 anno
1758 4928 1888 4982 656.
1921 4940 2047 4976 eam

732 5000 1198 5058 adscribendam
1237 5020 1367 5057 esse
1409 5013 1714 5076 putemus,
1769 4996 1879 5054 sub
1934 5016 2050 5075 quo

733 5077 1233 5147 diligentissimus
1273 5081 1554 5153 antiquae
1588 5075 1872 5131 historiae
1904 5092 2052 5149 per-

732 5162 1045 5208 scrutator
1098 5153 1545 5211 Freinshemius
1598 5150 1854 5208 Diodori
1906 5168 2052 5206 nar·

733 5231 1038 5287 rationem
1076 5230 1328 5301 rettulit,
1371 5230 1671 5289 incertum
1703 5227 2053 5305 relinquens

3289 629 3414 697 411

2110 765 2185 823 ad
2239 750 2415 844 quem
2465 786 2693 825 annum
2743 771 3063 843 pertineat.
3116 801 3194 815 —
3240 771 3421 831 Nune

2109 841 2337 901 Valerii
2374 842 2624 901 Maximi
2664 843 3092 914 testimonium,
3134 850 3422 924 qnoniam

2086 920 2409 992 ¹sententia
2449 929 2657 976 nostra
2698 922 2846 976 satis
2885 918 3122 979 firmata
3162 936 3273 992 est,
3316 942 3424 982 ac-

2109 993 2304 1061 cedat,
2349 996 2452 1071 qui
2491 1000 2573 1063 (8,
2606 1000 2697 1060 15,
2727 999 2817 1062 6.)
2856 1014 2992 1052 eum
3021 995 3098 1068 Q.
3128 997 3416 1068 Mucium,

2106 1072 2212 1145 qui
2253 1082 2374 1127 tam
2402 1082 2608 1127 sancte
2637 1071 2820 1127 Asiae
2847 1072 3199 1147 praefuerit,
3242 1074 3420 1151 plane

2106 1146 2387 1214 collegam
2436 1146 2503 1200 L.
2562 1147 2762 1200 Crassi
2816 1153 2876 1198 in
2934 1149 3229 1201 consulatu
3286 1169 3426 1218 esse,

2109 1219 2277 1276 dicit.
2336 1220 2513 1292 Quod
2552 1224 3000 1290 testimonium,
3056 1242 3188 1279 cum
3231 1224 3289 1281 id
3331 1226 3423 1283 af-

2111 1293 2332 1363 firmet,
2377 1295 2535 1372 quod
2576 1296 2852 1354 omnibus
2891 1302 3260 1375 argumentis
3289 1319 3426 1374 per-

2107 1374 2315 1447 pensis
2356 1389 2568 1427 verum
2601 1390 2731 1429 esse
2760 1385 3029 1449 apparet,
3075 1392 3199 1431 non
3228 1375 3425 1433 solum

2107 1452 2304 1579 {ipsum
2344 1466 2555 1503 verum
2596 1467 2769 1513 esse,
2810 1448 2917 1506 sed
2950 1452 3164 1517 etiam,
3209 1452 3261 1506 si
3303 1470 3422 1528 qua

2145 1520 2400 1580 ubitatio
2440 1522 2655 1581 relicta
2695 1534 2823 1591 est,
2864 1543 2995 1581 eam
3035 1543 3273 1582 omnem
3314 1525 3425 1585 ad·

2107 1601 2293 1656 imere
2333 1617 2581 1656 necesse
2620 1611 2729 1656 est.
2806 1599 2959 1657 Vide
3000 1599 3322 1660 Rutu-ms.

2182 1702 2261 1776 Q.
2316 1702 2552 1760 Mucms
2606 1701 2681 1774 Q.
2725 1701 2796 1758 F.
2837 1701 2917 1775 Q.
2961 1703 3038 1760 N.
3092 1703 3417 1764 Scaevou

2107 1778 2211 1852 (Ν.
2234 1783 2317 1846 9.)
2345 1796 2500 1834 unus
2521 1777 2593 1833 de
2616 1779 2861 1836 cohorte
2882 1780 3213 1837 amicornm
3236 1779 3310 1852 Q.
3326 1780 3425 1839 Ci-

2107 1856 2348 1911 ceronis
2378 1856 2438 1911 in
2467 1855 2614 1910 Asia
2641 1854 2959 1928 provincia
2994 1865 3073 1921 (a.
3098 1873 3159 1912 ιι.
3185 1875 3240 1912 c.
3262 1859 3423 1923 695.)

2107 1931 2181 1986 ad
2210 1928 2287 2001 Q.
2319 1929 2424 1986 Fr.
2472 1937 2535 1994 1,
2578 1934 2646 1996 2,
2693 1933 2763 1996 4,
2812 1936 2903 1990 15.
2948 1960 3023 1975 -
3064 1929 3140 2002 Q.
3183 1930 3422 1989 Mucius

2107 2004 2400 2063 Scaevola
2428 2046 2444 2072 ,
2501 2003 2785 2062 tribunus
2838 2005 2921 2079 pl.
2975 2024 3030 2061 a.
3073 2024 3134 2062 u.
3179 2025 3233 2063 e.
3285 2014 3420 2068 700.

2107 2079 2615 2138 Ohnuntiationes
2670 2077 2747 2137 ab
2786 2098 2859 2137 eo
2897 2081 3293 2158 interpositae
3330 2080 3419 2139 M.

2107 2155 2345 2214 Scauro
2383 2155 2766 2214 consulatum
2789 2159 3039 2231 petenti.
3096 2156 3173 2214 ad
3200 2158 3330 2214 Att.
3359 2158 3420 2225 4,

2107 2236 2201 2297 16,
2243 2240 2297 2292 7.
2343 2261 2417 2275 -
2458 2230 2714 2288 Obviam
2758 2231 2806 2286 it
2843 2232 3164 2309 Pomptino
3202 2234 3422 2290 trium-

2107 2309 2292 2384 phare
2353 2307 2599 2364 volenti.
2695 2305 2849 2363 Ibid.
2905 2318 2957 2371 fl.
3004 2315 3097 2367 12.
3153 2333 3227 2349 --
3276 2305 3424 2383 Ἄρη

2103 2385 2304 2441 πνέων
2366 2383 2471 2450 (in
2537 2381 2912 2458 prohibendo
2977 2383 3284 2459 triumpho
3347 2383 3420 2443 C.

2106 2457 2459 2534 Pomptini).
2526 2459 2601 2514 ad
2629 2456 2706 2529 Q.
2736 2457 2841 2515 Fr.
2875 2465 2932 2522 3,
2964 2463 3022 2523 4,
3053 2460 3109 2517 6.
3134 2488 3203 2502 -
3235 2457 3424 2516 Scae-

2106 2535 2240 2590 vola
2279 2553 2394 2610 pro
2435 2532 2739 2609 (pupillo)
2778 2530 3108 2589 Glabrione
3146 2535 3322 2591 fenus
3362 2544 3425 2592 et

2106 2609 2475 2684 impendium
2514 2611 2837 2665 recusavit.
2914 2607 2987 2664 ad
3014 2611 3141 2665 Att.
3179 2614 3238 2676 6,
3273 2622 3327 2678 1,
3357 2613 3418 2671 4.

2105 2714 2177 2727 -—
2215 2683 2511 2741 Scaevola
2535 2725 2550 2749 ,
2595 2683 2853 2758 legatus,
2896 2693 2962 2738 ut
2990 2684 3253 2751 videtur,
3297 2687 3426 2762 Ap-

2147 2761 2190 2816 ii
2230 2759 2465 2818 Claudii
2504 2759 2752 2816 Pulchri
2791 2764 2880 2828 (a.
2912 2776 2973 2814 ιι.
3004 2777 3060 2815 e.
3106 2758 3267 2835 705.)
3345 2759 3424 2817 ad

2104 2781 2270 2892 Bam.
2296 2840 2353 2902 3,
2388 2840 2445 2900 5,
2479 2839 2532 2892 5.
2557 2864 2620 2877 —-
2648 2836 2861 2905 Augur
2890 2852 2944 2890 a.
2975 2853 3031 2890 ιι.
3069 2853 3124 2891 c.
3156 2842 3286 2896 705.
3345 2835 3422 2893 ad

2103 2913 2233 2968 Att.
2282 2917 2339 2977 9,
2387 2916 2444 2977 9,
2491 2915 2548 2970 5.
2629 2911 2704 2966 ad
2742 2909 2909 2965 Fam.
2951 2912 3009 2977 4,
3052 2915 3111 2976 9,
3160 2918 3213 2967 1.

2104 3014 2490 3148 Β,Μικιιιιιιιε
2531 3014 2740 3072 Porta.
2799 3012 3003 3071 Varro
3041 3012 3147 3070 Fr.
3189 3033 3252 3090 p.
3282 3013 3417 3072 241.

2157 3111 2177 3148 ι
2228 3131 2243 3147 .

2179 3110 2517 3251 Illionei-m.
2578 3192 2829 3250 Tuscul.
2873 3198 2930 3262 2,
2977 3201 3068 3263 10,
3113 3199 3206 3256 25.
3267 3194 3420 3251 Vide

2105 3271 2450 3328 Voncsxus.

2180 3374 2485 3431 Metuens
2526 3371 2747 3429 flumen
2789 3372 3114 3449 Iugurthae
3154 3372 3443 3431 Bocchi--

2105 3469 2219 3528 que
2247 3468 2503 3525 regnum
2537 3446 2940 3526 disiungebat.
3000 3449 3126 3506 Sal.
3160 3449 3289 3524 lug.
3319 3453 3416 3508 92.

2145 3554 2515 3688 5MZLvnmA
2558 3554 2997 3610 controversia.
3071 3553 3145 3610 ad
3187 3554 3316 3610 Att.
3359 3560 3417 3625 2,

2107 3639 2134 3690 1
2183 3672 2199 3697 ,
2287 3672 2301 3686 .

2180 3733 2461 3790 Munvms
2501 3750 2688 3807 pons,
2743 3732 2847 3807 qui
2902 3731 3173 3789 Tiberim
3228 3734 3424 3806 iungit

2104 3827 2295 3886 prope
2324 3808 2596 3872 Romam,
2630 3806 2939 3863 Etruriam
2967 3827 3201 3874 versus,
3245 3810 3421 3865 hodie

2098 3896 2273 3958 ponte
2301 3887 2499 3940 Molle.
2544 3884 2619 3941 ad
2647 3885 2772 3939 Ait.
2805 3889 2898 3949 13,
2930 3888 3022 3951 53,
3053 3887 3111 3943 4.
3159 3886 3219 3941 in
3244 3884 3421 3942 Catil.

2107 3967 2162 4029 3,
2198 3969 2253 4028 2,
2285 3967 2340 4020 5.
2378 3990 2440 4002 -
2471 3962 2730 4013 Mulvius
2767 3971 2932 4015 recta
2961 3969 3052 4015 est
3092 3961 3417 4034 scriptura,

2109 4056 2230 4093 non
2256 4038 2518 4090 Milvius.
2573 4035 2815 4094 Cortius
2849 4035 2922 4091 ad
2953 4034 3079 4091 Sal.
3112 4035 3289 4093 Catil.
3320 4037 3416 4095 45.

2108 4132 2168 4188 p.
2200 4116 2331 4173 268.

2180 4216 2254 4272 L.
2300 4224 2359 4271 et
2401 4214 2508 4289 Sp..
2552 4213 2802 4270 Muniam
2840 4214 3098 4279 fratres,
3206 4231 3418 4269 uorum

2108 4300 2350 4348 exstant
2406 4288 2718 4346 amborum
2772 4292 3115 4356 orationes,
3203 4297 3420 4344 uerunt

2108 4377 2419 4423 oratorum
2474 4383 2725 4420 numero
2778 4366 3214 4422 mediocrium:
3275 4365 3421 4419 siin-

2109 4441 2248 4516 plex
2289 4428 2525 4517 quidem
2567 4439 2639 4496 L.
2684 4451 2743 4495 et
2781 4443 3099 4517 antiquus3
3157 4438 3263 4512 Sp.
3311 4456 3420 4494 au-

2107 4528 2228 4573 tem
2281 4515 2464 4572 nihilo
2517 4514 2612 4572 ille
2659 4515 2896 4590 quidem
2940 4515 3251 4579 ornatior,
3314 4512 3422 4570 sed

2108 4604 2304 4648 tamen
2347 4589 2730 4658 adstricti0r3
2773 4593 2884 4648 fuit
2918 4594 3073 4647 enim
3104 4589 3314 4645 doctus
3343 4607 3420 4645 ex

2109 4666 2421 4741 disciplina
2464 4665 2833 4722 Stoicorum.
2913 4665 3085 4724 Brut.
3131 4671 3225 4731 25,
3268 4666 3363 4722 94.

2184 4769 2497 4833 Mummius,
2532 4768 2943 4825 Atellanarum
2974 4768 3261 4900 scriptor,
3294 4787 3422 4825 me-

2110 4855 2382 4902 moratur
2424 4865 2456 4901 a
2499 4844 2777 4902 Charisio
2820 4865 2878 4920 p.
2917 4855 3042 4904 118.
3153 4883 3167 4898 .
3197 4854 3253 4899 et
3280 4842 3424 4901 Pri-

2110 4923 2321 5009 sciano
2350 4930 2441 5008 ¹⁰?
2475 4927 2531 4979 9.
2575 4940 2633 4995 p.
2666 4920 2797 5008 514..
2855 4919 3063 4977 Krehl.
3109 4949 3186 4964 —·
3221 4917 3421 5006 Mum-

2110 5009 2607 5131 '32¹⁸’12232122‘i‘
2632 4997 2997 5129 Νἰὲῖῗέὣ
3018 4996 3421 5129 Ρῖῗέἑῗῖἑῖἒῗῗ

2112 5148 2381 5208 Macroh.
2432 5148 2559 5206 Sat.
2613 5157 2678 5217 1,
2733 5160 2821 5208 10.
2880 5147 3009 5216 (ubi
3052 5147 3125 5203 de
3166 5145 3420 5205 Meursii

2090 5226 2272 5284 coni.
2315 5244 2394 5283 ex
2432 5223 2629 5282 Gellio
2668 5228 2774 5296 19,
2815 5228 2874 5285 9.
2926 5226 3174 5295 hausta,
3234 5223 3421 5281 edunt
