4367 6084
849 602 899 715 in.
926 620 1127 716 sonitus
1149 646 1337 717 cicnao.
1700 647 1762 716 us

422 789 543 852 Rostris
557 800 751 858 statueretur,
772 792 804 847 in
822 809 945 869 eamque
957 801 1077 848 senten-
1104 791 1201 848 Pansa
1221 801 1250 849 et
1263 791 1363 849 Hirtio
1380 792 1550 852 consulibus
1570 795 1685 870 proelio
1705 813 1759 851 su-

423 872 496 925 tiam
526 864 637 924 scium
664 867 775 923 iactum
803 884 869 924 esse
898 871 1075 924 anctoritate
1125 878 1224 923 eratus
1247 878 1302 923 est.
1345 867 1411 939 Qua
1434 869 1469 925 de
1492 872 1619 927 victoria
1641 871 1757 927 nuntiis

421 941 571 1021 probatur
598 941 757 1017 Pomponii
783 940 819 999 de
845 944 962 1017 origine
987 943 1072 1008 iuris,
1105 886 1227 998 bonnam
1251 942 1376 1074 pprlatis
1399 945 1506 1001 Cicero
1533 947 1611 1032 prid.
1637 945 1758 1003 Vinalia
1837 1006 1841 1013 ,

423 1020 473 1099 qui
492 1019 570 1077 bauo
589 1027 717 1074 statuam
736 1035 792 1091 pro
813 1016 930 1074 Rostris
946 1018 994 1073 Au
1016 1021 1074 1074 usti
1102 1016 1143 1073 X.
1165 1017 1232 1074 Kal.
1284 1020 1322 1074 ai.
1344 1017 1446 1075 babuit
1465 1031 1630 1077 orationem
1651 1023 1759 1092 Philip-

421 1106 543 1153 exstars
551 1101 689 1149 testatam.
703 1120 733 1133 -
746 1093 853 1150 Postea
864 1093 983 1150 cumbi.
996 1038 1075 1150 bru·
1100 1099 1194 1159 picam
1212 1094 1347 1146 decimam
1365 1104 1510 1164 quantam,
1538 1098 1567 1150 in
1588 1116 1645 1172 qua
1665 1099 1779 1165 trium,

420 1182 469 1228 tus
483 1187 537 1227 seu
549 1167 587 1240 Q.
601 1165 713 1243 Caepio
726 1166 838 1225 Brutus
855 1169 891 1225 de
906 1168 997 1226 rebus
1011 1171 1073 1224 suis
1102 1169 1318 1242 imperatorum
1338 1168 1465 1237 Pansae,
1487 1169 1578 1226 Hirtii
1595 1183 1625 1226 ei
1645 1171 1758 1228 Caesa-

420 1247 453 1303 in
473 1244 651 1304 Macedonia
669 1246 762 1317 gestis
783 1243 820 1299 ad
840 1256 974 1301 senatum
993 1245 1074 1299 litte·
1102 1245 1145 1298 ris
1172 1242 1330 1300 Octaviani
1356 1247 1475 1301 nomine
1506 1245 1757 1321 supplicationem

420 1341 472 1380 ras
492 1318 612 1396 publica
631 1321 772 1382 misisset.
794 1318 892 1376 Pansa
906 1323 1005 1377 statim
1024 1337 1073 1375 ss·
1103 1321 1318 1395 qninquaginta
1342 1320 1458 1376 dierum
1481 1319 1631 1387 decrevit,
1658 1322 1758 1378 Anto-

418 1406 494 1454 natn
508 1403 675 1453 convocato
695 1394 732 1451 de
752 1395 797 1450 his
814 1395 923 1453 litteris
939 1395 1071 1463 rettulit3
1103 1397 1185 1452 nium
1205 1397 1314 1470 quique
1334 1413 1401 1451 cum
1420 1414 1456 1452 eo
1472 1407 1573 1453 essent
1591 1398 1692 1453 hostes
1709 1399 1759 1453 iu-

419 1474 530 1532 Cieero
550 1472 694 1540 oratione,
708 1470 860 1544 Philippica
875 1471 982 1524 decima
1001 1488 1073 1526 ceo·
1102 1470 1263 1537 dicandus,
1284 1469 1403 1538 milites,
1427 1473 1479 1547 qui
1500 1491 1558 1547 pro
1579 1490 1613 1527 re
1638 1470 1758 1547 publica

421 1552 481 1607 suit
500 1565 567 1605 eum
588 1555 618 1601 et
637 1544 674 1617 Q.
691 1543 884 1603 Hortensium
903 1564 1073 1622 procousn-
1102 1547 1282 1613 interierint,
1304 1559 1496 1604 monumento
1504 1566 1592 1623 quam
1607 1547 1759 1622 amplissi-

418 1625 480 1682 lem
502 1621 619 1698 publice
645 1620 857 1678 collaudandos
882 1623 978 1699 iisqne
1000 1640 1074 1696 pro-
1103 1640 1150 1677 ino
1164 1622 1415 1689 cohonestaudos,
1431 1642 1564 1700 quaeque
1576 1625 1613 1678 iis
1624 1624 1759 1697 praemia

421 1701 588 1756 vinciacum
601 1695 889 1754 administrationem
902 1716 937 1754 ac
951 1698 1073 1753 tutelam
1103 1708 1224 1753 senatus
1246 1695 1436 1762 decreverat,
1458 1717 1492 1755 ea
1513 1698 1698 1773 parentibus,
1719 1697 1759 1753 li·

419 1792 515 1851 porro
525 1774 767 1830 committendam
778 1790 852 1829 esse.
879 1773 993 1829 Deinde
1006 1790 1074 1828 cum
1103 1772 1195 1839 beris,
1210 1771 1399 1848 coniugibus,
1414 1773 1559 1831 fratribus
1573 1792 1676 1830 eornm
1689 1791 1760 1846 per·
1782 1818 1787 1829 .

422 1851 457 1909 G.
485 1849 636 1905 Antonius
661 1847 851 1922 Apolloniam
875 1858 1007 1916 teneret,
1038 1846 1071 1905 C.
1103 1847 1246 1922 solvenda
1274 1851 1402 1905 censuit.
1444 1849 1490 1905 De
1517 1851 1643 1906 victoria
1666 1849 1759 1906 nlnti-

423 1922 595 1984 Trebonins
626 1933 725 1978 antem
754 1925 858 1980 Asiam
907 1925 1073 1980 roviociam
1104 1924 1564 1991 nensicir.adFani.10‚50.
1594 1931 1641 1992 12,
1666 1934 1709 1984 to.

424 1999 612 2065 obtinuisset,
625 1996 822 2055 P.Dolabella
834 2001 864 2055 in
900 2001 994 2074 yriam
1007 2018 1076 2073 pro-
1140 1998 1185 2054 De
1202 1996 1288 2055 libris
1305 2001 1367 2056 snis
1385 1999 1502 2066 Tullios
1523 2003 1587 2074 ipse
1607 2003 1647 2057 ita
1664 2000 1760 2057 disse-

423 2073 916 2134 liciscensTreboninmincautnm
926 2074 1074 2147 Smyrnae
1105 2075 1181 2130 ruit:
1213 2072 1404 2145 „Quaerenti
1430 2078 1503 2132 mibi
1525 2076 1706 2150 multumque
1729 2085 1760 2132 et

424 2153 577 2227 oppressit
590 2162 619 2207 et
631 2149 839 2206 crudelissime.
848 2148 1025 2207 verberibus
1040 2168 1074 2207 ac
1105 2150 1155 2204 diu
1176 2150 1330 2222 cogitanti,
1352 2170 1479 2228 quanam
1498 2169 1531 2208 re
1551 2170 1668 2226 possem
1686 2142 1760 2226 prb·

421 2228 581 2283 toreutis
593 2225 756 2282 laceratum
770 2226 930 2282 interiecit.
961 2225 1074 2298 Quare
1104 2224 1189 2281 desse
1203 2243 1290 2300 qnam
1305 2225 1453 2301 plurimis,
1475 2228 1512 2283 ne
1553 2227 1649 2283 nando
1664 2228 1761 2282 iuter-

423 2302 543 2373 cognita
562 2312 683 2357 senatus
697 2298 882 2359 Dolabellam
899 2302 1014 2357 hostem
1033 2303 1076 2357 iu·
1104 2301 1253 2357 mitterem
1267 2300 1424 2358 consulere
1442 2307 1485 2359 rei
1504 2321 1541 2377 pn
1565 2303 1657 2370 licae;
1679 2302 1760 2358 nulla

421 2378 551 2444 dicavit,
572 2387 603 2432 et
622 2395 690 2432 cnm
709 2378 740 2432 iu
759 2387 865 2432 senatu
883 2385 1023 2450 ageretur
1039 2376 1075 2432 de
1105 2377 1200 2431 maior
1213 2375 1411 2442 occurrebat,
1434 2380 1561 2455 quamsi
1581 2380 1762 2454 optimarum

421 2457 460 2511 im
500 2461 602 2509 rstore
621 2452 796 2526 deligendo,
820 2453 870 2528 qui
891 2451 1075 2509 Dolabellam
1105 2453 1213 2505 artium
1244 2451 1307 2507 vias
1337 2451 1487 2509 traderem
1519 2456 1593 2510 mois
1623 2451 1759 2510 civibusr

421 2526 458 2586 be
471 2529 502 2585 lo
515 2544 603 2603 perse
625 2539 757 2594 neretur,
773 2526 880 2585 Cicero
894 2529 1021 2594 censuit,
1038 2525 1072 2583 C.
1105 2525 1184 2600 quod
1203 2524 1407 2600 compluribus
1429 2531 1487 2584 iam
1503 2528 1590 2585 libris
1611 2549 1657 2585 me
1679 2527 1762 2585 arbi-

422 2603 558 2662 Cassium
574 2547 765 2678 deligendum
783 2621 858 2658 esse.
893 2602 1076 2674 Quamseu·
1105 2611 1388 2658 trorconsecntum.
1418 2603 1492 2659 Nam
1506 2616 1535 2659 et
1549 2605 1699 2661 cohortati
1712 2623 1762 2660 su-

421 2679 545 2736 tentiam
564 2679 737 2753 complexus
751 2689 796 2734 est
816 2679 953 2734 oratione
970 2678 1076 2749 Phiiip-
1105 2694 1182 2742 mus,
1206 2687 1237 2731 ut
1250 2679 1376 2732 maxime
1395 2682 1556 2751 potuimus.
1579 2681 1615 2735 ad
1631 2680 1763 2755 philoso-

418 2762 485 2828 pica
516 2754 672 2809 undecima.
722 2753 779 2811 Cui
812 2755 977 2810 sententiae
1008 2772 1075 2810 cnm
1105 2752 1191 2826 phiae
1211 2753 1340 2807 studium
1362 2769 1398 2807 eo
1417 2751 1504 2819 libro,
1523 2756 1636 2829 quiesi
1655 2757 1763 2811 inscri-

423 2831 521 2888 Panss
534 2828 640 2885 consul
655 2839 863 2905 repugnasset,
885 2828 992 2886 Cicero
1006 2847 1075 2903 pro·
1106 2836 1173 2901 ptus
1186 2827 1371 2888 Hortensium
1391 2831 1536 2904 et,·qnod
1557 2848 1649 2902 penus
1669 2831 1764 2904 philo.

423 2905 530 2961 dnctns
554 2905 585 2960 in
607 2907 778 2961 contionem
798 2924 814 2960 a
835 2903 956 2962 tribuno
980 2902 1075 2979 plebis
1106 2901 1253 2977 sopbandi
1271 2904 1391 2959 minime
1408 2923 1554 2978 arrogans
1574 2908 1761 2980 maximeque

422 2981 464 3039 tti.
487 2979 616 3038 Servilio
635 2981 760 3036 eandem
780 2998 900 3036 cansam
922 2981 999 3055 apud
1020 2998 1075 3055 po·
1105 2989 1135 3032 et
1160 2987 1304 3033 constans
1330 2990 1360 3036 et
1386 2978 1506 3052 elegans
1530 2977 1759 3048 arbitraremur,

422 3055 525 3145 pulum
539 3072 654 3111 summo
668 3058 731 3112 eins
745 3073 895 3113 consensu
911 3074 927 3111 e
948 3057 981 3123 it,
997 3055 1075 3132 quod
1106 3063 1247 3186 quattuor
1262 3054 1438 3106 Academicis
1458 3054 1542 3112 libris
1560 3054 1758 3112 ostendimus.

423 3150 487 3208 ipse
516 3130 621 3189 Cassio
652 3128 812 3203 significat.
854 3130 892 3187 sd
943 3150 1000 3187 am.
1030 3138 1074 3198 ¹2,
1132 3147 1239 3204 umque
1266 3129 1489 3186 laudamentum
1517 3140 1597 3187 esset
1625 3131 1762 3204 pbiloso-

424 3213 450 3271 7,
473 3213 500 3264 1.
522 3234 559 3248 -
580 3206 684 3263 Paullo
705 3216 773 3282 post
791 3205 873 3262 XIV.
892 3205 959 3262 Kal.
977 3206 1075 3282 April.
1106 3204 1191 3278 pbiae
1220 3207 1352 3279 positum
1382 3206 1413 3261 in
1435 3204 1546 3277 finibus
1571 3208 1704 3258 bonoram
1731 3214 1761 3258 st

424 3281 662 3359 Quinquatribus
675 3294 795 3338 senatus
810 3282 952 3348 necavit,
972 3291 1005 3338 ut
1017 3282 1076 3339 itti-
1104 3281 1259 3344 matonam,
1288 3291 1488 3355 perpurgatus
1515 3289 1560 3339 est
1587 3283 1612 3338 is
1638 3280 1722 3336 iocos
1742 3299 1760 3336 a

422 3376 536 3414 nervas
549 3357 680 3413 custodis
693 3357 777 3413 urbis
791 3357 1075 3413 sinmlacrumanno
1105 3353 1191 3409 nobis
1211 3356 1343 3486 quinque
1364 3354 1467 3435 libris,
1489 3367 1538 3422 ut,
1562 3356 1633 3431 quid
1653 3374 1762 3430 aquo·

421 3435 580 3507 superiore
601 3432 728 3489 turbinis
753 3435 782 3488 vi
801 3433 947 3489 deiectum
968 3434 1076 3490 etica-
1106 3449 1162 3506 que
1188 3433 1287 3506 etqui
1333 3440 1438 3489 contra
1480 3451 1603 3508 nemque
1629 3431 1762 3506 philoso-

421 3518 502 3563 ctum
517 3510 737 3565 restitueretur.
769 3508 1073 3575 adFarn.12,25,1.
1105 3506 1195 3582 phnm
1215 3505 1376 3570 diceretur.
1400 3452 1652 3581 inlelllzli‘ffl‘l·
1682 3507 1759 3563 Τθῑ·

419 3612 459 3626 ·-
485 3580 617 3658 Cumque
639 3584 764 3640 Antonii
790 3586 877 3667 amici
901 3587 984 3658 pacis
1007 3601 1074 3639 cuni
1106 3581 1183 3636 idem
1200 3579 1353 3638 subsecuti
1372 3580 1443 3639 libri
1461 3582 1683 3636 Tenaceelanarum
1699 3586 1761 3634 dis-

420 3676 457 3714 eo
479 3657 626 3713 ineundae
644 3662 825 3725 mentionem
846 3658 1004 3726 iecissent,
1030 3676 1075 3715 se·
1100 3661 1281 3728 putationum
1299 3677 1348 3713 res
1362 3657 1399 3714 ad
1417 3655 1501 3713 beate
1523 3658 1681 3715 visendum
1696 3677 1761 3714 tna-

420 3744 509 3790 natns
528 3731 643 3807 legatos
666 3735 702 3789 ad
723 3751 790 3790 eum
810 3733 944 3792 decrevit
963 3733 1005 3790 M.
1027 3733 1075 3791 Ci-
1105 3733 1183 3787 sitne
1204 3735 1390 3790 necessarias
1412 3743 1604 3806 aperuerunt.
1641 3735 1760 3790 Primos

421 3826 562 3865 coronent
584 3818 612 3865 et
633 3808 668 3867 Ρ.
691 3808 863 3867 Seruilium.
902 3809 1005 3885 Itaque
1026 3810 1074 3868 Ci-
1105 3810 1182 3864 enim
1206 3819 1252 3864 est
1275 3808 1311 3864 de
1331 3810 1547 3871 contemnenda
1569 3820 1683 3877 morte;
1712 3828 1761 3866 se-

421 3902 493 3940 cero
517 3886 548 3939 in
568 3892 675 3940 senatu
697 3884 801 3941 babuit
822 3887 991 3942 orationem
1012 3884 1076 3941 Phi·
1105 3882 1221 3939 candos
1238 3883 1273 3939 de
1294 3884 1449 3941 tolerando
1464 3884 1582 3952 dolore;
1606 3884 1642 3942 de
1662 3886 1762 3958 aegri·

421 3961 550 4030 lippicnm
570 3960 777 4027 duodecimam,
806 3961 836 4016 in
860 3979 918 4036 qna
939 3961 1016 4017 bano
1036 3959 1075 4014 le·
1105 3961 1209 4014 tudine
1226 3960 1500 4027 leniendatertius;
1523 3960 1761 4037 quartusdere·

423 4035 572 4110 gatiooetu
580 4044 612 4091 nt
620 4035 754 4092 inutilem
767 4034 1075 4110 dissuadet,seipsum
1106 4035 1193 4109 liquis
1211 4036 1302 4091 animi
1320 4036 1618 4110 pertm·batiouibos;
1638 4037 1759 4110 quintus

422 4126 496 4165 sero
519 4109 556 4164 ad
579 4127 644 4165 eam
667 4108 836 4167 obeundam
855 4111 993 4168 idoneum
1016 4129 1075 4166 non
1105 4126 1171 4164 eum
1192 4108 1290 4166 locum
1311 4112 1483 4186 coiiiplexus
1506 4120 1568 4174 est,
1597 4113 1646 4186 qui
1668 4118 1761 4163 totam

422 4201 488 4240 esse
508 4184 703 4240 demonstrat.
736 4185 815 4242 Tum
834 4186 957 4244 consule
977 4186 1075 4243 Pansa
1106 4184 1322 4258 philosophiam
1345 4188 1472 4242 maxime
1497 4185 1643 4241 illustrat:
1673 4183 1760 4239 docet

423 4259 461 4315 ad
480 4256 589 4315 bellum
611 4260 746 4335 prolecto
766 4259 807 4316 Μ.
824 4261 968 4316 Aemilius
988 4259 1076 4334 Lepi·
1105 4263 1195 4322 enim,
1217 4261 1255 4315 ad
1276 4259 1361 4316 beate
1382 4261 1541 4318 vivetiilum
1566 4259 1705 4314 virtutem
1727 4276 1759 4313 se

422 4332 477 4392 dus
496 4334 604 4390 litteris
624 4333 660 4389 ad
682 4345 818 4390 senatum
836 4338 935 4391 missis
953 4353 1018 4391 eum
1039 4333 1074 4389 ad
1106 4335 1169 4406 ipsa
1180 4351 1246 4388 esse
1260 4347 1440 4392 contentam.
1469 4333 1584 4407 Quibus
1595 4334 1682 4389 editas
1697 4345 1758 4390 tres

420 4427 525 4484 pacem
545 4427 612 4465 cnm
625 4409 759 4466 Antonio
782 4409 948 4466 faciendam
968 4409 1076 4465 cobor-
1105 4408 1173 4462 libri
1219 4410 1323 4465 srieeti
1344 4422 1413 4467 sunt
1434 4413 1467 4463 de
1489 4413 1603 4462 tt'ninrn
1624 4411 1760 4476 Deorum,

420 4495 499 4542 tatus
521 4493 581 4550 est;
610 4483 718 4561 quibus
745 4487 879 4541 recitatis
902 4502 969 4540 cum
992 4482 1075 4539 multi
1106 4484 1137 4538 in
1151 4427 1258 4557 quibus
1272 4488 1369 4542 artinis
1386 4489 1449 4543 eins
1464 4486 1520 4541 loci
1535 4488 1670 4558 quaestio
1685 4503 1760 4538 coii-

420 4559 472 4618 alii
494 4576 599 4635 pacem
622 4560 802 4625 suaderent,
827 4560 936 4618 Cicero
957 4570 1075 4615 senteu-
1106 4561 1228 4613 tinetnr.
1266 4558 1350 4630 Quae
1372 4561 1508 4634 ntplene
1529 4569 1606 4615 esset
1628 4559 1761 4614 cnnuta-
1869 4576 1875 4592 ·

418 4638 490 4693 tiam
510 4643 633 4706 rogatus
652 4641 811 4689 orationem
829 4635 1010 4706 Philippicnm
1030 4634 1076 4686 de·
1106 4643 1193 4708 teque
1210 4635 1353 4708 perlecta,
1375 4637 1410 4688 ds
1426 4639 1612 4689 Divinatione
1631 4636 1760 4705 ingressi

417 4717 519 4766 einana
540 4716 656 4762 tertiam
677 4708 796 4775 habuit,
845 4728 882 4765 na
902 4728 990 4767 secus
1010 4728 1075 4766 sen·
1105 4726 1208 4763 sumus
1230 4710 1275 4765 bis
1297 4709 1381 4766 libris
1401 4711 1551 4773 scriberer
1581 4709 1689 4784 quibus
1709 4717 1761 4774 tot

418 4788 556 4843 tientiuin
575 4784 743 4841 rationibus
768 4729 930 4842 conlutatis
957 4787 1076 4856 negavit
1106 4791 1152 4838 est
1171 4786 1333 4859 inanimo)
1352 4786 1386 4836 de
1400 4789 1471 4838 Fato
1484 4788 1510 4840 si
1525 4784 1760 4848 adiunxerinms,

418 4880 523 4937 pacem
545 4878 611 4918 cnm
632 4859 674 4916 Μ.
690 4863 823 4917 Antonio
845 4866 967 4937 eiusque
985 4863 1076 4923 sociis
1107 4860 1164 4915 crit
1195 4857 1312 4916 abunde
1347 4863 1421 4916 satis
1456 4861 1566 4916 iactum
1603 4864 1655 4916 toti
1692 4860 1760 4916 bnic

419 4953 485 4992 esse
499 4955 598 5012 posse.
629 4935 725 4992 Simul
739 4936 864 5010 epistola
878 4936 915 4992 ad
931 4935 1075 5011 Lepidum
1107 4938 1285 5010 quaestioni.
1304 4935 1421 5008 ⁴ilique
1442 4938 1487 4993 his
1507 4933 1592 4990 libris
1616 4953 1760 4991 annume-

420 5015 532 5085 scripta
553 5013 608 5088 (ad
620 5012 703 5068 Fam.
727 5019 779 5074 10,
801 4996 960 5084 27.)eub,
988 5030 1024 5067 ne
1044 5028 1076 5066 se
1107 5010 1342 5066 randisnntsax
1360 5010 1580 5082 deliepnhiica,
1600 5022 1761 5086 qnostunc

421 5088 454 5143 in
475 5088 560 5144 istam
594 5085 810 5146 aedicationem
829 5089 908 5142 inter
930 5098 1011 5150 nnat,
1032 5084 1077 5143 di·
1106 5089 1292 5161 scripsimus,
1312 5103 1378 5141 cuns
1392 5085 1593 5159 gubernacula
1609 5088 1652 5142 rei
1667 5085 1763 5160 publi·
1823 5112 1827 5123 ι

420 5161 551 5233 ligentur
571 5107 716 5221 bortatur.
736 5187 772 5204 -
793 5162 831 5218 Α.
847 5161 876 5217 d.
896 5105 993 5219 alvu.
1010 5161 1076 5218 Kal.
1107 5178 1159 5216 cas
1177 5161 1365 5217 tenebamus:
1386 5179 1512 5237 magnus
1530 5161 1611 5217 locus
1631 5163 1764 5236 pbiloso-

422 5236 521 5299 atain
536 5236 686 5299 Antonius
700 5238 780 5317 apud
791 5237 938 5298 llntinm
950 5237 1077 5297 ducibus
1106 5236 1252 5315 pbiseque
1265 5239 1425 5313 proprius,
1453 5258 1470 5299 a
1487 5235 1623 5307 Platone,
1645 5238 1764 5295 Aristo·
