4367 6084
534 671 580 738 ι.
601 668 871 739 conuentus
892 673 938 737 a.
961 670 1003 737 a.
1026 629 1071 738 r.
1092 672 1136 739 ιι.
1158 672 1311 740 sunna
1332 672 1492 764 suurn.
1620 673 1680 746 aas

342 814 349 825 '
395 822 465 870 orat
489 810 648 870 duodecim
671 811 861 869 coloniarum
883 812 998 870 fuisse?
1026 812 1217 880 Exercitum,
1238 832 1326 891 quem
1346 817 1376 871 in
1397 817 1470 874 Asia
1490 815 1675 890 ductaverat,

377 890 421 946 id.
443 895 496 955 52,
520 894 586 948 105.
607 917 645 932 -
665 886 790 944 Scilicet
808 890 840 944 iu
859 891 916 946 hoc
929 881 1008 945 locui
1026 907 1087 964 quo
1099 887 1157 945 sibi
1170 887 1263 946 fidum
1281 891 1411 956 faceret,
1426 903 1543 951 eontra
1564 914 1678 953 morem

339 963 529 1022 restituenda
550 972 597 1020 est
615 963 705 1020 lectio
724 962 819 1020 Codd.
843 965 997 1029 duodecim,
1026 967 1172 1021 maiorum
1199 966 1353 1022 luxuriose
1376 968 1523 1043 nimisque
1545 970 1677 1028 liberali·
1766 1016 1770 1019 2

338 1041 390 1098 cui
416 1038 633 1097 substitueram
663 1037 811 1112 Saviguyi
841 1042 998 1096 coniectu·
1026 1050 1072 1095 ter
1095 1038 1248 1097 babuerat.
1287 1040 1363 1098 lbid.
1386 1072 1417 1082 -
1438 1044 1588 1102 Dissensit
1608 1067 1676 1103 cum

338 1134 408 1174 nm
430 1115 639 1184 duodeviginti.
680 1113 772 1170 Recte
801 1117 881 1171 enim
911 1114 997 1172 Wal-
1027 1114 1125 1171 Mario
1147 1115 1183 1170 L.
1268 1136 1304 1193 a.
1345 1117 1460 1173 Horum
1490 1131 1613 1197 uterque
1637 1126 1677 1178 ita
1746 1170 1748 1183 .

339 1203 388 1250 ter
425 1187 590 1246 cosmetae
628 1190 678 1242 des
713 1190 869 1243 romischeu
898 1189 998 1243 Rechts
1027 1191 1136 1248 cecidit
1156 1189 1230 1247 vict'
1258 1202 1327 1260 jut
1350 1195 1448 1250 victor
1468 1192 1545 1251 idem
1567 1216 1677 1269 regna-

339 1287 373 1343 p.
408 1271 474 1324 205.
516 1263 736 1340 interpretatur
770 1265 805 1321 de
841 1265 998 1323 duodecim
1027 1273 1114 1322 verit.
1163 1265 1263 1328 Cum,
1328 1272 1397 1325 avio
1434 1270 1547 1339 collega
1580 1273 1676 1330 Cinna

340 1342 472 1399 coloniis
494 1341 613 1398 Latinis
635 1359 652 1397 a
676 1339 717 1398 Μ.
737 1339 827 1396 Livio
847 1340 947 1397 Druso
967 1360 994 1398 a.
1027 1340 1167 1398 dissedit:
1192 1340 1262 1398 utri
1314 1345 1440 1401 'laurum
1464 1349 1593 1403 secunda
1615 1350 1679 1405 iur-

340 1437 372 1474 ιι.
394 1438 420 1474 c.
441 1422 508 1478 650.
530 1415 677 1473 deductis.
718 1414 783 1472 cfr.
807 1416 940 1491 Appian.
961 1413 997 1491 11
1027 1418 1438 1493 tonaregnumestlargita,
1456 1423 1680 1479 adversemur-

341 1492 377 1552 C·
402 1502 430 1559 1,
452 1499 498 1553 25.
527 1491 681 1548 Plutarch.
702 1490 736 1548 C.
757 1490 886 1548 Graccb.
905 1493 997 1563 9‚1o.
1021 1501 1095 1553 team
1136 1493 1218 1548 Idem
1251 1496 1361 1550 iterum
1392 1494 1474 1551 Sulla
1507 1501 1676 1573 superavitt

340 1598 381 1613 -
406 1567 442 1625 L.
471 1566 574 1634 Sulla,
607 1567 696 1623 bomo
726 1587 742 1621 a
794 1565 877 1641 opuli
906 1566 1005 1643 can]
1023 1560 1088 1625 lum
1112 1568 1177 1625 siue
1201 1568 1291 1625 dubio
1314 1568 1417 1627 babuit
1439 1572 1570 1645 regalem
1592 1583 1678 1648 pote-

341 1645 581 1709 remotissimus,
612 1644 712 1698 odium
733 1584 836 1698 babuit
853 1645 885 1699 iu
905 1643 963 1718 eq'
997 1652 1150 1714 statem,
1173 1663 1354 1720 quaiuquam
1372 1664 1436 1701 rem
1457 1646 1607 1720 publicam
1626 1669 1676 1706 re·

341 1715 1003 1791 sti-emordiueua3acerbitateproscripti
1032 1720 1193 1795 &pererit
1223 1719 1259 1776 de
1288 1719 1421 1796 Harusp.
1444 1740 1524 1797 resp.
1550 1730 1604 1792 25,
1628 1729 1675 1784 51.

340 1797 390 1851 uis
415 1810 486 1850 suae
506 1803 554 1850 est
579 1812 651 1849 usus
673 1795 705 1848 in
728 1803 846 1848 veteres
870 1792 1063 1868 iudicem·-
1092 1794 1226 1869 Populus
1257 1796 1426 1863 Romanus,
1460 1797 1497 1853 L.
1521 1797 1603 1855 Sulla
1631 1800 1678 1856 di-
1740 1851 1742 1854 ,

340 1889 400 1945 pru
421 1868 561 1927 Cluentio
581 1874 637 1935 55,
657 1873 722 1927 151.
748 1898 779 1910 -
802 1866 885 1924 Sulla
908 1886 997 1924 sena·
1025 1878 1141 1926 ctatore
1170 1871 1306 1938 ferente,
1342 1871 1471 1929 comitiis
1500 1875 1677 1932 centuriatis

339 1954 426 2002 tores
446 1945 580 2001 iudicare
599 1941 765 2019 praecepit.
793 1941 895 2000 Scbol.
916 1942 997 2000 Gru·
1026 1946 1197 2020 municipiis
1228 1949 1380 2003 civitatem
1410 1950 1536 2014 ademit,
1567 1950 1678 2006 ademit

340 2039 414 2078 uov.
437 2021 469 2076 iu
487 2020 593 2075 Diviu.
617 2038 648 2093 p.
670 2021 737 2079 581.
761 2046 792 2058 -
816 2018 929 2074 Verum
950 2020 1132 2077 11-’1111111
1161 2039 1268 2095 agrosz
1302 2022 1338 2078 dc
1368 2025 1450 2097 agris
1483 2034 1582 2080 ratum
1613 2038 1675 2093 est,

340 2114 412 2154 uren
436 2105 483 2152 est
508 2096 666 2159 maiestas,
697 2094 754 2150 etsi
779 2091 864 2150 Sulla
889 2092 994 2161 voluit,
1025 2097 1081 2152 luit
1100 2096 1179 2152 euim
1200 2098 1303 2171 populi
1325 2110 1477 2173 potestas;
1499 2101 1677 2158 decivitate

340 2191 380 2229 ue
402 2173 436 2228 iu
505 2172 600 2226 eureis
624 2170 745 2243 impune
771 2169 934 2226 declamari
960 2169 997 2226 li·
1026 2190 1064 2227 ne
1097 2171 1211 2228 tamdiu
1243 2172 1361 2247 quidem
1394 2174 1504 2242 valuit,
1558 2177 1679 2234 naurdiu

339 2256 436 2306 ceret.
458 2189 560 2315 (libem
583 2244 771 2319 corruptus.)
794 2243 832 2302 ad
854 2244 938 2300 Fam.
966 2250 995 2312 5,
1027 2246 1075 2302 illu
1099 2244 1215 2304 Sullani
1238 2250 1383 2323 temporis
1406 2268 1488 2305 arma
1510 2194 1677 2308 viluerunt.

340 2330 396 2391 11,
421 2329 448 2379 2.
476 2350 514 2366 -
540 2321 577 2377 L.
604 2318 687 2377 Sulla
710 2319 840 2376 dictator
863 2319 999 2377 vendidit
1026 2322 1086 2378 Pro
1116 2322 1205 2378 domo
1234 2327 1289 2388 50,
1315 2329 1362 2382 79.
1387 2354 1418 2365 -
1440 2326 1679 2401 Proscriptiuuis

339 2397 424 2457 bona
446 2394 519 2454 Sex.
539 2396 653 2454 Alieni.
680 2414 738 2470 pro
759 2395 868 2468 Quint.
879 2397 935 2463 21,
953 2400 998 2456 76.
1026 2399 1230 2453 miserrimum
1267 2417 1376 2454 nomeu
1412 2400 1485 2457 illud
1520 2413 1551 2458 et
1581 2404 1684 2460 nuruis

341 2503 376 2516 -
399 2472 437 2529 1..
459 2470 561 2538 Sulla,
583 2490 648 2528 cos.
673 2472 792 2529 iterum.
818 2464 909 2528 Vere.
935 2472 999 2527 Ac·
1026 2471 1176 2529 acerbitas
1206 2470 1323 2529 Sullani
1355 2476 1516 2551 temporis;
1544 2506 1581 2520 -
1608 2476 1681 2554 quid

339 2557 440 2606 cusat.
463 2557 498 2614 1,
518 2552 573 2614 50,
597 2552 661 2607 150.
684 2544 783 2602 -Ἐο
803 2564 867 2602 cos.
889 2548 998 2602 itermu
1027 2545 1131 2615 babet,
1163 2548 1243 2623 quod
1273 2549 1399 2605 iiiaxime
1430 2551 1469 2606 sit
1491 2553 1610 2625 insigne
1641 2553 1681 2610 ad

339 2643 412 2682 cum
432 2621 471 2696 Q.
491 2621 623 2680 Caecilio
644 2620 765 2678 Metello
784 2620 839 2678 Pio
859 2640 892 2692 a,
912 2641 941 2678 u.
968 2641 995 2678 c.
1026 2625 1203 2679 memoriam
1216 2623 1426 2681 crudelitatis?
1449 2625 1585 2701 Opinon,
1612 2642 1679 2686 'oe-

339 2703 411 2760 671.
434 2696 535 2756 babitu
548 2706 595 2755 est
607 2699 705 2754 oratio
719 2715 776 2772 pro
790 2694 860 2753 Sex.
874 2696 996 2754 Roscio.
1026 2717 1095 2755 uam
1122 2701 1154 2753 in
1180 2701 1261 2754 cives
1288 2698 1439 2755 Romanos
1470 2705 1536 2758 siue
1565 2647 1678 2760 iuditio

340 2805 381 2819 -·
399 2773 487 2832 Boua
505 2776 600 2849 patris
621 2774 744 2829 huiusce
759 2770 830 2828 Sex.
847 2771 997 2829 Roscii·
1027 2774 1230 2830 constitutam.
1268 2773 1330 2830 Pro
1359 2775 1447 2832 domo
1482 2785 1532 2844 17,
1562 2782 1609 2839 15.
1644 2807 1676 2820 -

342 2850 379 2906 de
406 2853 475 2907 viro
504 2850 671 2907 fortissimo
699 2855 728 2903 et
758 2846 929 2904 clarissimo
959 2846 995 2902 L.
1027 2848 1068 2906 11.
1093 2849 1213 2905 Aemilii
1238 2848 1344 2924 Lepidi
1368 2853 1434 2906 'cos
1460 2869 1487 2905 a.
1510 2871 1540 2907 u.
1562 2870 1589 2908 e.
1610 2856 1677 2912 676.

340 2924 427 2983 Sulla
455 2958 474 2970 -
500 2957 519 2969 -
545 2922 661 2981 duobus
691 2920 810 2979 milibus
846 2940 997 2979 numinum
1027 2925 1125 2980 oratio
1149 2924 1308 2980 adversum
1331 2925 1522 2997 tyrannidem
1546 2927 1583 2984 L.
1609 2927 1680 2985 Sul-

340 3019 408 3058 sese
440 3000 516 3058 dicit
546 3000 654 3063 ¹emisse
680 3030 698 3042 -
725 3029 743 3041 -
769 2997 805 3053 L.
837 2997 997 3058 Cornelius
1026 3001 1083 3055 lae.
1105 2997 1168 3055 Sal.
1188 2998 1264 3055 Hist.
1286 3007 1320 3066 1,
1342 3006 1387 3060 15.
1408 3030 1447 3046 -
1465 3001 1501 3057 L.
1518 3001 1679 3061 Cornelius

340 3076 574 3150 Chrysogonus.
598 3092 654 3149 pro
680 3072 752 3130 Sex.
776 3073 886 3130 Roscio
910 3080 944 3139 2,
970 3082 996 3132 6.
1027 3073 1111 3131 Sulla
1143 3093 1178 3131 eo
1208 3078 1372 3149 processit,
1406 3086 1440 3132 ut
1466 3078 1540 3133 nibil
1565 3078 1680 3152 glorio-

340 3181 378 3197 ·
397 3151 482 3209 llaec
502 3152 602 3206 omnia
625 3148 678 3214 (de
698 3147 771 3206 Sex.
790 3147 920 3219 Roscio)
941 3149 997 3203 im·
1025 3169 1091 3206 sum
1122 3151 1180 3205 uisi
1204 3159 1300 3205 tutum
1326 3162 1356 3206 et
1381 3153 1480 3208 omnia
1504 3155 1679 3210 retinendae

340 3227 491 3303 prudente
520 3224 557 3282 L.
589 3223 671 3280 Sulla
706 3225 784 3280 lacta
816 3243 881 3281 esse
913 3225 997 3280 ce'rto
1026 3227 1238 3281 dominationis
1268 3227 1392 3281 honesta
1419 3239 1574 3283 aestuaret.
1613 3229 1676 3285 Sal.

341 3305 418 3360 scio.
459 3303 565 3377 Neque
595 3303 674 3356 enim
701 3303 825 3365 mirum,
856 3318 924 3354 cum
945 3318 997 3355 eo·
1027 3300 1102 3356 Htsr.
1128 3306 1226 3366 1,15.
1254 3303 1305 3367 (in
1327 3301 1412 3358 Orat.
1442 3302 1549 3376 Lepidi
1572 3317 1678 3362 contra

340 3377 408 3435 dem
427 3388 565 3452 tempore
592 3385 621 3431 et
647 3395 698 3443 ea,
730 3394 805 3451 quae
834 3378 996 3449 praeterita
1026 3375 1171 3444 Sullam.)
1194 3405 1225 3415 —
1248 3376 1331 3431 Sulla
1356 3397 1410 3451 per
1433 3378 1542 3433 multos
1566 3398 1674 3447 anuos,

340 3463 430 3520 sunt,
461 3463 492 3508 et
520 3471 573 3519 ea,
606 3469 681 3527 quae
707 3452 847 3506 videntur
870 3453 993 3516 instare,
1026 3450 1133 3527 quibus
1157 3452 1340 3507 exercitibus
1367 3455 1539 3527 praefuerat
1562 3467 1591 3511 et
1615 3476 1677 3512 rein

341 3539 523 3603 praeparet,
545 3546 613 3584 curn
631 3538 660 3582 et
674 3529 756 3601 pacis
771 3527 996 3582 constituendae
1028 3526 1176 3601 publicani
1201 3537 1355 3592 tenuerat,
1391 3541 1559 3604 sumpserat
1586 3550 1679 3605 pecu-

340 3607 492 3660 rationem
520 3612 551 3659 et
577 3602 647 3660 belli
673 3601 796 3677 gerendi
820 3611 995 3676 potestatem
1028 3605 1091 3658 uias
1125 3621 1161 3657 ex
1194 3600 1390 3676 vectigalibus
1423 3614 1452 3657 et
1486 3623 1522 3659 ex
1559 3611 1706 3662 aerario·

340 3678 423 3735 solus
456 3676 580 3745 habeat;
612 3697 680 3732 cum
711 3695 815 3732 oiiines
845 3680 876 3733 in
906 3696 996 3732 uuum
1026 3677 1128 3753 populi
1149 3678 1273 3733 Romani
1296 3689 1353 3734 cet.
1383 3681 1677 3739 Asson-incornel.

340 3765 497 3828 spectent,
520 3771 597 3809 uuus
618 3754 717 3808 omnia
739 3751 902 3828 gubernem
929 3772 995 3809 cum
1027 3773 1055 3827 p.
1079 3760 1125 3810 72.
1149 3753 1303 3809 -Sullae
1327 3753 1414 3820 ludis,
1437 3774 1511 3831 quos
1536 3757 1583 3811 bic
1604 3778 1676 3832 pro-

340 3841 385 3884 tot
417 3832 569 3906 tantisque
607 3829 733 3903 negotiis
752 3828 913 3883 distentus
943 3831 993 3894 sit,
1026 3838 1093 3903 pter
1125 3830 1284 3884 victoriam
1316 3830 1407 3893 iecit,
1442 3831 1604 3906 quadrigas
1639 3834 1673 3891 C.

340 3916 375 3960 ut
394 3909 549 3980 respirare
569 3901 663 3959 libere
685 3923 745 3958 nou
766 3907 877 3977 possit,
898 3904 996 3960 siali-
1026 3905 1177 3959 Antonius
1201 3917 1229 3960 et
1253 3905 1302 3961 alii
1332 3906 1451 3980 quidam
1482 3907 1596 3963 nobiles
1623 3910 1679 3964 ho-

341 3979 413 4056 quid
446 3999 507 4035 nou
542 3980 776 4044 animadvertam
809 3997 877 4034 cum
908 3995 997 4052 prae·
1026 3982 1122 4034 mines
1142 3983 1301 4053 agitaruut.
1329 3982 1441 4036 Ascon.
1465 3987 1495 4037 iu
1517 3985 1676 4056 togcand.

341 4059 449 4111 sertim
478 4067 539 4111 tarn
568 4055 652 4109 uiulti
683 4056 911 4128 occupationem
934 4057 1005 4128 eius,
1027 4075 1055 4129 p.
1078 4061 1114 4113 89
1139 4068 1167 4111 et
1188 4057 1234 4113 9't.
1257 4085 1294 4096 —
1315 4055 1397 4112 Sulla
1419 4057 1677 4115 dictatorlmcre-

343 4130 509 4186 observent
533 4141 590 4185 tem
615 4148 707 4205 usque
733 4140 938 4203 aucupentur,
966 4126 1005 4188 ul
1024 4131 1100 4185 tium
1112 4129 1237 4186 Ofellam
1252 4133 1438 4187 consulatum
1452 4144 1558 4187 contra
1574 4134 1675 4190 Sullae

340 4206 431 4262 simul
461 4217 550 4282 atque
580 4150 628 4261 ille
658 4205 846 4279 despexerit,
884 4205 996 4281 aliquid
1026 4206 1209 4262 voluntatem
1234 4209 1271 4262 ad
1293 4205 1473 4262 turbandum
1497 4219 1607 4264 statum
1633 4212 1677 4265 ci-

340 4280 551 4338 buiuscetnodi
581 4280 754 4336 moliantur.
808 4279 874 4336 Huc
909 4299 997 4338 acce·
1028 4284 1126 4338 vitatis
1159 4292 1308 4355 petentem
1341 4283 1437 4338 occidi
1469 4286 1571 4341 iussit.
1605 4303 1675 4339 usus

341 4357 402 4424 dit,
426 4355 506 4431 quod
529 4360 666 4432 quamvis
685 4355 734 4411 ille
755 4355 825 4412 felix
846 4358 901 4423 sit,
919 4359 997 4413 sicut
1026 4358 1062 4412 ad
1090 4356 1119 4412 id
1143 4376 1235 4431 opera
1266 4357 1300 4412 L.
1326 4356 1461 4412 Bellieni.
1500 4360 1612 4414 Ascou.
1644 4361 1676 4414 iu

340 4441 404 4496 est,
432 4444 531 4486 tamen
561 4434 592 4486 iu
625 4442 709 4486 tanta
739 4431 880 4487 felicitate
908 4451 995 4488 uerno
1026 4443 1087 4504 tog.
1116 4432 1203 4487 caud.
1235 4452 1266 4507 p.
1291 4437 1338 4489 92.
1364 4462 1393 4472 -
1417 4433 1493 4488 Cum
1520 4432 1599 4489 bona
1629 4438 1676 4490 in-

340 4517 545 4582 potestesse,
568 4510 600 4562 iu
619 4525 726 4579 magua
748 4508 857 4562 iauiilia
879 4511 996 4582 quine·
1026 4509 1233 4563 damnatorum
1262 4509 1371 4563 civium
1397 4509 1514 4564 lunesto
1545 4507 1593 4563 illa
1623 4528 1677 4563 au·

341 4586 454 4638 minem
478 4600 575 4658 neque
597 4600 718 4637 servum
740 4601 835 4658 neque
856 4582 995 4640 libertum
1026 4584 1125 4638 ctione
1154 4601 1207 4636 sua
1239 4583 1382 4638 venderet
1409 4594 1437 4639 et
1470 4602 1502 4638 se
1536 4584 1677 4655 praedam

342 4656 515 4733 improbum
541 4656 659 4713 babeat.
681 4659 693 4732 (
701 4676 727 4712 a.
746 4677 773 4712 ιι.
796 4677 821 4713 c.
843 4662 919 4728 671.)
940 4678 997 4733 pro
1025 4677 1111 4714 suam
1138 4657 1251 4713 diceret
1274 4657 1421 4725 vendere,
1444 4668 1541 4714 tamen
1564 4678 1600 4714 ex
1622 4661 1678 4715 boc

340 4732 413 4790 Sex.
437 4732 669 4798 nesciemus.
695 4762 726 4772 -
750 4731 862 4790 Sullam
881 4745 910 4790 et
930 4753 995 4790 ora·
1026 4737 1093 4790 loco
1125 4734 1210 4798 (loro
1238 4732 1391 4800 Romano)
1422 4734 1572 4799 vendidit,
1604 4754 1675 4802 uec,

341 4812 383 4865 tio
414 4828 482 4865 naeu
516 4809 553 4865 ab
583 4811 670 4864 initio
700 4819 730 4864 et
761 4811 856 4883 ipsius
888 4812 996 4865 eximia
1026 4806 1678 4885 quorumoculosollendebat,earumipsa-

341 4888 439 4940 rirtus
463 4888 547 4941 omni
578 4895 712 4958 tempore
739 4887 888 4958 purgavit.
918 4884 994 4940 Ibid.
1027 4904 1094 4941 rum
1127 4886 1463 4959 conspectum1lugere
1497 4902 1585 4939 ausus
1620 4898 1676 4944 est.

340 4962 394 5023 tt.
436 4968 501 5019 127.
549 4988 587 5004 ·-
638 4960 828 5034 Proscriptio
865 4960 997 5019 Sullana.
1026 4969 1149 5025 (contra
1174 4960 1344 5017 Decemviri
1368 4960 1514 5025 Rullani.)
1553 4959 1588 5016 de
1612 4962 1677 5036 lege

341 5032 416 5091 lbid.
453 5039 508 5100 117,
536 5039 600 5094 156.
627 5054 690 5111 seq.
716 5064 745 5074 -
768 5037 931 5113 Postquam
958 5037 994 5092 L.
1026 5056 1090 5109 agr.
1108 5044 1140 5104 2,
1157 5043 1209 5100 21,
1226 5043 1272 5095 56.
1296 5064 1331 5076 -
1352 5034 1523 5109 Campanus
1537 5054 1609 5109 agei·
1623 5058 1678 5112 per

341 5108 421 5167 Sulla
449 5114 542 5167 armis
567 5122 688 5185 recepta
712 5129 746 5165 re
769 5112 889 5186 publica
910 5111 997 5169 bonis
1026 5131 1092 5169 sese
1114 5123 1143 5168 et
1157 5111 1296 5169 Sullanae
1317 5112 1512 5168 dominationi
1534 5123 1563 5167 et
1579 5114 1677 5170 Grac-

341 5186 434 5245 iuitiis
463 5186 560 5243 malos
587 5198 712 5243 eventus
736 5186 855 5255 babuit,
888 5207 997 5262 rapere
1026 5191 1150 5245 chorum
1171 5187 1324 5264 largitioni
1342 5189 1462 5244 restitit.
1484 5187 1520 5244 de
1534 5187 1598 5265 lege
1613 5210 1677 5265 agr.

341 5279 464 5332 aflues,
489 5264 610 5322 trabere
631 5274 688 5320 cet.
716 5258 994 5324 8111311111.-
1027 5274 1062 5330 1,
1090 5271 1122 5329 7,
1150 5270 1197 5322 21.
1231 5295 1263 5308 -
1294 5264 1331 5325 L.
1362 5261 1462 5334 Sulla,
1495 5266 1547 5342 qui
1577 5269 1680 5325 omnia
