4367 6084
1636 624 2067 699 APRAMA
2111 663 2196 681 -—
2238 628 2789 708 AGAMEDES.

844 766 1145 847 perdidit.
1230 769 1292 828 in
1346 768 1553 829 Pison.
1611 774 1721 839 57,
1760 775 1859 830 91.
1937 771 2175 833 Aetolia

843 864 1071 905 amissa
1116 865 1150 904 a
1192 846 1270 905 L.
1309 846 1554 905 Pisone.
1614 845 1704 904 lb.
1750 850 1856 915 40,
1899 853 1995 909 96.

918 943 1215 999 Arum
1267 959 1415 1016 gens
1462 939 1719 1016 plebeia.
1798 941 1871 998 Iu
1915 943 2176 999 nummis

838 1018 1249 1092 reperiuntur
1288 1016 1371 1074 M.
1404 1028 1465 1074 et
1492 1015 1561 1074 S.
1590 1017 1864 1083 Afranii,
1905 1018 2176 1094 alioquin

842 1093 1067 1169 ignoti.
1110 1091 1336 1149 Eckliel
1381 1092 1457 1149 D.
1500 1092 1578 1150 N.
1623 1099 1678 1153 5.
1721 1110 1781 1168 p.
1826 1099 1954 1157 152.

918 1196 997 1253 L.
1035 1196 1375 1263 Arnas-irs,
1419 1200 1623 1271 poe'ta,
1669 1198 1846 1253 bomo
1878 1214 2174 1272 perargu-

846 1284 982 1335 tus,
1027 1275 1088 1328 in
1131 1269 1356 1329 fabulis

849 1347 919 1405 C.
964 1348 1199 1404 Titium
1241 1292 1525 1405 studi-liat
1563 1350 1804 1405 imitari.
1880 1350 2079 1418 (circa
2120 1368 2173 1403 a.

849 1442 913 1479 u.
955 1442 1013 1480 c.
1049 1428 1220 1489 660.)
1293 1422 1468 1480 Brut.
1510 1427 1624 1491 45,
1673 1429 1801 1484 167.
1858 1454 1934 1470 -
1986 1423 2171 1481 Multa

853 1519 887 1554 a
911 1499 1250 1556 menandro
1276 1499 1608 1556 transtulit.
1652 1498 1725 1556 de
1744 1499 1926 1557 Fiun.
1958 1510 2008 1567 1,
2033 1507 2087 1566 5,
2115 1508 2168 1561 7.

850 1605 928 1618 —
966 1575 1259 1633 Afranius
1295 1576 1359 1630 in
1388 1575 1621 1650 Togata
1660 1577 1980 1642 Punctum,
2018 1576 2176 1628 Puti-

847 1653 1059 1704 statos
1083 1650 1374 1726 appellat.
1422 1652 1620 1708 Varro
1652 1651 1778 1709 LL.
1812 1657 1866 1719 5,
1905 1656 1958 1714 5.
1988 1669 2045 1727 p.
2080 1656 2173 1710 42.

845 1755 920 1770 —
959 1726 1190 1784 Versus
1223 1745 1301 1783 ex
1337 1728 1466 1783 eius
1500 1725 1698 1784 fabula
1740 1738 1974 1803 togata.
2019 1745 2171 1804 quae

846 1801 1155 1860 simulans
1184 1800 1661 1860 inscribebatur.
1708 1821 1821 1878 pro
1846 1801 2046 1863 Sestio
2075 1808 2169 1868 55,

846 1882 974 1936 118.
1066 1878 1221 1935 Eius
1281 1896 1537 1935 versusz
1605 1879 2033 1957 Fragmentum
2097 1897 2172 1933 ex

846 1956 973 2009 eius
1014 1951 1460 2012 Consobrinis:
1515 1974 1697 2026 ,cuin
1741 1956 2015 2021 mithris,
2067 1972 2171 2011 ca-

845 2029 1148 2086 lanticis.”
1258 2028 1471 2087 Schol.
1544 2029 1694 2088 Bob·
1770 2032 1832 2086 iu
1896 2030 2170 2088 Clodium

890 2148 904 2159 .
934 2109 1071 2166 556.
1130 2102 1260 2162 Cfr.
1290 2105 1601 2164 Neukircli
1634 2106 1705 2162 de
1732 2103 1929 2164 fabula
1968 2116 2170 2180 togata

938 2199 1287 2241 manorum.
1343 2180 1590 2257 Lipsiae
1631 2187 1797 2245 1855.
1841 2201 1902 2258 p.
1950 2186 2078 2243 165.

922 2282 999 2341 L.
1032 2285 1342 2342 Arumvs
1369 2284 1589 2343 consul
1616 2304 1670 2342 a.
1699 2305 1759 2342 u.
1789 2305 1844 2342 c.
1875 2288 2006 2345 694.
2035 2303 2169 2342 cum

846 2357 923 2431 Q.
957 2358 1203 2417 Metello
1216 2360 1452 2418 Celere.
1499 2361 1638 2417 Auli
1666 2358 1823 2419 filius
1846 2360 2067 2418 dicitur
2094 2360 2169 2417 ad
2194 2391 2206 2432 μ,

847 2436 971 2492 Au.
1010 2446 1065 2497 1.
1096 2446 1151 2501 1,
1190 2446 1237 2494 1.
1281 2467 1357 2482 -
1397 2437 1468 2493 Iu
1498 2439 1738 2494 comitia
1767 2434 2044 2493 omuibus
2072 2438 2170 2492 in-
2204 2457 2207 2488 t

848 2513 985 2567 vitis
1027 2512 1220 2568 trudit
1252 2525 1466 2570 noster
1504 2513 1759 2589 Magnus
1785 2513 1928 2569 Auli
1953 2510 2163 2569 filium.

848 2588 926 2659 (a.
963 2604 1024 2642 ιι.
1064 2606 1122 2644 c.
1166 2593 1333 2655 695.)
1399 2588 1556 2646 Ibid.
1605 2592 1691 2655 16,
1725 2595 1813 2646 12.
1858 2619 1933 2632 -
1974 2586 2167 2661 Quam

847 2665 1095 2733 ignarus
1156 2681 1230 2720 ac
1287 2666 1417 2721 sine
1472 2667 1675 2720 animo
1727 2663 1926 2720 miles!
1988 2681 2166 2740 quam

848 2740 1084 2813 diguus,
1116 2740 1221 2815 qui
1246 2739 1561 2806 Palicano,
1598 2742 1751 2796 sicut
1781 2742 1944 2805 facit,
1989 2757 2058 2795 os
2092 2738 2164 2794 ad

845 2814 993 2870 male
1024 2814 1389 2871 audiendum
1419 2816 1689 2892 quotidie
1717 2815 2035 2890 praebeat!
2091 2813 2165 2869 ad

844 2890 969 2946 An.
1010 2900 1065 2953 1,
1098 2894 1188 2953 18.
1218 2895 1270 2948 5.
1301 2923 1371 2936 -
1396 2890 1541 2949 Auli
1584 2889 1741 2948 lilius
1773 2894 1852 2947 ita
1891 2909 1955 2947 se
1983 2892 2159 2967 gerit,

844 2977 907 3021 ιιι
945 2967 1084 3022 eius
1122 2966 1466 3024 consulatus
1509 2984 1634 3023 nou
1671 2966 2017 3023 consulatus
2063 2969 2191 3034 sit,*

842 3040 950 3097 sed
968 3040 1179 3110 Magni
1203 3045 1387 3099 nostri
1410 3044 1706 3104 υπώπιον.
1752 3043 1823 3099 ad
1840 3042 1967 3100 An.
1995 3049 2050 3107 1,
2068 3050 2161 3107 20,

844 3122 897 3175 5.
922 3146 1000 3159 -
1020 3116 1093 3172 In
1114 3134 1243 3174 eius
1264 3122 1625 3175 seutentiam
1650 3116 1715 3175 fit
1742 3129 1986 3175 senatus
2015 3135 2165 3173 con-

843 3191 1066 3248 sultum
1096 3192 1171 3248 de
1197 3191 1443 3251 ambitu.
1503 3193 1578 3249 ad
1609 3193 1682 3266 Q.
1715 3194 1816 3250 Fr.
1851 3203 1904 3259 2,
1930 3201 1988 3259 9,
2010 3197 2066 3253 5.
2098 3223 2157 3234 -

844 3267 1225 3325 Memoratur
1260 3272 1386 3325 eius
1429 3271 1766 3345 triumphus
1811 3271 2162 3344 ceteroquin

845 3348 1111 3417 ignotus,
1152 3347 1212 3401 iu
1240 3344 1447 3402 Pison.
1495 3352 1592 3407 2'1.
1627 3353 1713 3406 58.
1754 3377 1829 3390 —-
1867 3344 2162 3402 Consula-

844 3439 924 3477 ris
953 3441 1008 3474 a.
1046 3439 1106 3475 ιι.
1141 3440 1196 3476 c.
1237 3427 1368 3479 697.
1429 3420 1502 3476 ad
1531 3422 1651 3476 Att.
1694 3425 1762 3487 -'1,
1804 3433 1863 3487 1,
1902 3426 1957 3481 6.
2018 3421 2161 3475 Eius

844 3500 1141 3552 sententia
1191 3498 1250 3550 in
1291 3516 1473 3553 causa
1520 3497 1844 3553 Ptolemaei
1883 3496 2155 3552 Auletae.

843 3571 910 3627 ad
942 3571 1114 3628 Fam.
1174 3587 1223 3637 1,
1273 3578 1323 3637 1’,
1374 3579 1429 3632 3.
1482 3604 1543 3614 —
1585 3576 1684 3641 (A.
1716 3592 1776 3628 ιι.
1809 3592 1860 3628 c.
1896 3579 2053 3638 705.)
2097 3575 2155 3627 in

838 3646 1132 3720 llispania
1168 3648 1400 3719 legatus
1436 3648 1728 3723 Pompeii.
1788 3648 1862 3704 ad
1895 3649 2019 3702 Ait.
2061 3655 2154 3708 10.

838 3727 893 3783 9.
934 3738 980 3780 ι.
1025 3753 1096 3766 -
1140 3722 1424 3779 Summus
1455 3725 1593 3778 «lux.
1652 3724 1906 3799 Philipp.
1947 3731 2031 3786 15,
2066 3725 2155 3788 1’1,

842 3804 929 3854 29.
978 3829 1045 3841 -—
1092 3797 1320 3855 Caesar
1348 3817 1421 3854 ex
1446 3800 1731 3872 Hispania
1761 3819 1866 3856 sex
1894 3798 2159 3867 legiones

842 3884 898 3928 et
942 3894 1162 3948 magna
1211 3877 1465 3939 auxilia,
1517 3876 1772 3931 Afranio
1820 3887 1878 3931 et
1919 3875 2158 3930 Petreio

842 3948 1120 4015 ducibus,
1161 3948 1338 4006 babet
1374 3971 1407 4005 a
1448 3963 1638 4025 tergo.
1688 3959 1764 4018 (a.
1805 3971 1863 4007 ιι.
1905 3969 1958 4007 c.
1998 3948 2159 4022 705.)

844 4026 912 4078 ad
956 4025 1126 4081 Fani.
1184 4032 1279 4090 16,
1327 4034 1429 4092 12,
1473 4031 1529 4085 [ι.
1595 4055 1666 4069 -
1725 4027 2043 4083 Praeclara
2089 4025 2160 4079 dc

844 4100 1100 4156 Afranio
1144 4102 1299 4158 fama
1344 4113 1452 4158 est.
1527 4110 1615 4171 (a.
1665 4122 1720 4157 u.
1768 4121 1820 4157 c.
1867 4107 2026 4166 705.)
2086 4099 2160 4155 ad

848 4177 968 4231 An.
1005 4186 1061 4240 7,
1095 4183 1192 4240 26,
1231 4191 1281 4234 l.
1340 4179 1656 4234 Afranium
1684 4176 2162 4252 exspectabimus

848 4263 903 4308 et
939 4253 1267 4309 Petreium.
1328 4252 1417 4308 lb.
1465 4253 1598 4309 Lib.
1634 4263 1689 4319 8,
1723 4262 1774 4311 2.
1804 4263 1858 4313 5.
1913 4252 2001 4308 Il).
2047 4253 2158 4325 Ep.

850 4337 913 4389 5.
962 4338 1014 4386 7.
1082 4358 1142 4369 —
1207 4329 1271 4383 ln
1336 4328 1625 4401 Hispania
1683 4339 2022 4404 superatus.
2091 4326 2162 4382 ad

848 4404 1007 4460 Fam.
1039 4411 1095 4468 9.
1140 4409 1222 4468 15,
1267 4417 1308 4460 Ι.
1342 4432 1405 4445 -
1433 4405 1606 4461 foede
1643 4403 2036 4477 pei-iit.,1bid.
2074 4411 2161 4466 18,

848 4489 898 4535 2.
946 4480 1072 4536 Cfr.
1116 4480 1284 4535 Suet.
1327 4479 1573 4535 Caesar.
1618 4487 1708 4538 75.
1761 4511 1821 4523 -—
1864 4479 1937 4536 L.
1980 4479 2167 4536 Afra-

848 4576 977 4611 nius
1005 4569 1064 4611 et
1094 4556 1410 4619 Petreius.
1449 4557 1625 4628 legati
1657 4557 1925 4630 Pompeii
1967 4557 2025 4611 in
2060 4554 2167 4610 lli-

848 4637 1077 4704 spania,
1135 4634 1518 4688 constituunt
1566 4641 1866 4691 communi
1915 4632 2167 4686 consilio

849 4707 1059 4763 bellum
1098 4709 1173 4763 ad
1205 4706 1464 4762 Ilerdam
1497 4726 1728 4778 gerere.
1788 4731 1840 4765 a.
1871 4727 1926 4763 u.
1954 4727 2006 4762 c.
2036 4711 2162 4765 705.

846 4784 1065 4840 Caesar
1089 4784 1225 4841 Civ.
1266 4793 1317 4845 1,
1347 4787 1442 4842 58.
1476 4804 1641 4860 seqq.
1702 4784 2007 4841 Proelium
2035 4800 2168 4836 cuin

848 4948 978 4992 veut
1027 4935 1101 4991 ab
1153 4936 1377 4992 Ilerda.
1463 4934 1553 4992 lb.
1602 4943 1692 4995 65.
1779 4937 1898 4994 Eos
1947 4934 2169 4991 Caesar

848 5016 1249 5088 persequitur.
1326 5008 1417 5066 lb.
1469 5016 1564 5072 65.
1614 5031 1781 5089 seqq.
1841 5011 1936 5069 Ab
1986 5029 2056 5067 eo
2107 5013 2167 5066 in

848 5093 1146 5157 augustias
1184 5087 1444 5155 redacti,
1477 5088 1550 5143 de
1580 5092 2014 5164 compositione
2049 5088 2170 5155 agit

848 5166 1161 5229 Afranius,
1232 5183 1416 5240 quam
1470 5167 1656 5221 certis
1709 5162 2206 5222 condicionibus

848 5244 1132 5319 impositis
1174 5240 1410 5298 Caesar
1450 5241 1588 5298 init.
1645 5239 1733 5297 Ib.
1778 5244 1872 5302 8¹1.
1905 5246 1998 5303 85.
2058 5237 2173 5296 Mi-

3467 634 3550 708 23

2233 773 2370 833 lites
2388 774 2685 835 dimittere
2708 777 3012 837 iubentur.
3055 774 3147 838 n».
3169 784 3263 843 85.
3292 809 3369 827 -
3396 779 3547 841 Cum

2237 849 2503 909 Labieno
2555 863 2615 910 et
2668 851 2954 929 Scipione
3006 855 3249 914 Metello
3306 869 3437 915 erat
3487 860 3556 917 in
3582 884 3592 896 ·

2235 927 2443 982 Africa
2492 947 2547 984 a.
2593 946 2652 984 ιι.
2696 948 2748 986 c.
2796 936 2925 991 707.
3005 930 3156 989 Bell.
3207 931 3399 990 Afric.
3449 938 3546 995 69.

2236 1001 2462 1076 Captus
2491 1023 2523 1059 a
2552 1003 2619 1060 P.
2653 1002 2805 1061 Silio
2844 1016 2901 1062 et
2939 1010 3145 1081 paucis
3172 1020 3310 1082 post
3337 1008 3547 1067 diebus

2237 1078 2607 1136 interfectus.
2650 1078 2741 1135 lb.
2773 1086 2867 1141 95.
2900 1111 2967 1125 -
2996 1082 3112 1139 Dio
3140 1082 3211 1138 1..
3238 1091 3330 1143 57.
3362 1103 3422 1158 p.
3449 1091 3544 1143 50.

2235 1154 2380 1210 dicit
2412 1172 2547 1210 eum
2578 1154 2789 1211 melius
2822 1156 3041 1214 saltare
3069 1160 3336 1234 potuisse
3369 1179 3548 1237 quam

1481 1274 1491 1284 .
1735 1275 1744 1285 .
1932 1275 1942 1284 .
2200 1260 2211 1298 μ
2235 1247 2331 1285 res
2369 1247 2601 1307 gerere.
2658 1230 2809 1288 Ean.

1435 1272 1633 1329 uidem
1669 1283 1845 1329 etiam
1886 1273 2169 1341 disertus,
2210 1331 2211 1340 ¹

2307 1341 2619 1399 Arrianus
2652 1342 2726 1400 L.
2752 1343 2822 1399 F.
2856 1343 3205 1403 adolescens
3243 1346 3316 1403 de
3342 1366 3448 1405 sua
3478 1364 3550 1406 ac

2233 1420 2501 1492 parentis
2521 1421 2612 1474 sui
2636 1419 2824 1476 salute
2848 1438 2980 1476 cum
2999 1420 3260 1478 Caesare
3286 1441 3393 1498 per
3408 1422 3553 1481 Sul·
3625 1472 3632 1477 .

2233 1496 2454 1566 picium
2477 1492 2740 1568 legatum
2766 1495 2909 1571 egit.
2955 1495 3178 1553 Caesar
3205 1497 3338 1555 Cir.
3357 1506 3425 1567 j.
3454 1500 3545 1559 74.

2231 1568 2426 1626 Datur
2454 1567 2681 1627 obsidis
2718 1569 2852 1627 loco
2880 1569 3147 1629 Caesari.
3189 1571 3345 1632 Ibid.
3381 1578 3474 1636 ⁸4.

2306 1683 2482 1741 Ant.
2541 1681 2691 1739 Vide
2729 1681 2946 1740 Samot.

2307 1795 2495 1861 Arai,
2541 1795 2831 1870 Hispani,
2886 1794 3076 1862 Galli,
3131 1796 3420 1854 immanes
3476 1817 3548 1857 ac

2232 1869 2527 1928 barbarae
2549 1874 2843 1927 nationes.
2885 1871 2958 1927 ad
2982 1870 3058 1945 Q.
3085 1872 3187 1929 Fr.
3215 1883 3269 1940 1,
3301 1886 3351 1939 1,
3375 1879 3434 1941 9,
3456 1882 3552 1935 27.

2236 1976 2296 1987 -
2342 1947 2479 2004 Afri
2524 1946 2867 2023 foedifragi.
2927 1945 3000 2003 de
3043 1947 3190 2020 Rep.
3234 1949 3536 2021 Fragmin.

2232 2025 2447 2080 incert.
2489 2021 2568 2078 N.
2598 2028 2654 2081 9.
2689 2051 2762 2067 -
2802 2022 2885 2079 Af
2917 2024 2987 2089 is,
3022 2025 3183 2099 agris
3209 2024 3547 2098 stipendio-

2231 2117 2344 2175 que
2387 2098 2688 2164 multatis‚
2732 2042 2952 2155 virtulo
2993 2099 3244 2174 adipisci
3285 2103 3422 2157 licet
3459 2102 3549 2156 ci-

2233 2178 2494 2230 vitatem.
2572 2191 2684 2246 pro
2729 2171 2918 2231 Balbo
2972 2174 3071 2240 18,
3117 2176 3214 2233 4¹.
3274 2203 3346 2215 —
3404 2175 3540 2232 Alia

2232 2248 2406 2307 nobis
2448 2249 2810 2323 Capitolini,
2864 2248 2980 2305 alia
3026 2250 3191 2306 Afris
3228 2250 3544 2309 Ammonis

2231 2326 2389 2382 lovis
2427 2326 2682 2400 species.
2751 2324 2823 2381 de
2863 2324 3004 2382 Nat.
3045 2325 3121 2382 D.
3172 2336 3224 2393 1,
3268 2332 3364 2394 29,
3410 2332 3504 2384 82.

2302 2438 2559 2494 Araica.
2619 2437 2763 2494 Eius
2791 2440 2965 2494 situs.
3024 2434 3150 2495 Sal.
3176 2438 3306 2514 lug.
3344 2444 3433 2497 17.
3464 2467 3539 2485 —·

2227 2516 2437 2571 Africa
2466 2515 2595 2589 ipsa
2625 2532 2847 2588 pareus
2881 2513 2976 2570 illa
3006 2512 3346 2578 Sardiniae,
3391 2534 3544 2591 quae

2228 2590 2481 2665 plurima
2519 2599 2577 2644 et
2610 2588 2994 2645 acerbissima
3037 2608 3171 2646 cum
3214 2588 3544 2648 maioribus

2230 2667 2455 2721 nostris
2494 2662 2650 2721 bella
2689 2668 2896 2738 gessit.
2948 2685 3068 2721 non
3094 2663 3288 2721 solum
3316 2662 3545 2724 fidelis-

2225 2743 2392 2798 simis
2417 2743 2646 2815 regnis,
2680 2740 2784 2797 sed
2817 2743 2997 2796 etiam
3035 2743 3095 2796 in
3129 2745 3256 2813 ipsa
3286 2743 3544 2814 provin-

2228 2819 2317 2871 cia
2358 2834 2423 2872 se
2463 2835 2495 2871 a
2530 2817 2815 2872 societate
2842 2815 3210 2872 Punicorum
3252 2815 3542 2871 bellorum

2229 2891 2401 2951 Utica
2430 2900 2580 2947 teste
2607 2890 2889 2947 defendit.
2951 2909 3064 2964 pro
3092 2889 3326 2946 Scauro
3358 2898 3411 2958 ’3,
3440 2894 3535 2949 45.

2230 2996 2291 3007 —
2336 2967 2546 3024 Africa
2585 2965 2939 3035 „horrida”
2993 2967 3092 3029 (iu
3124 2965 3305 3022 Ennii
3349 2969 3540 3022 versi-

2225 3042 2359 3099 culo
2416 3040 2519 3099 ubi
2574 3061 2683 3116 per
2735 3044 3160 3115 metonymiam
3221 3060 3333 3116 pro
3372 3041 3539 3100 Afris

2224 3128 2315 3251 δεῖ
2354 3127 2586 3192 sumpta
2618 3119 2854 3186 Africa)
2894 3116 2967 3174 de
3011 3116 3120 3173 Or.
3166 3121 3234 3186 5,
3267 3120 3374 3186 42,
3407 3121 3535 3177 167.

2286 3206 2397 3250 rat.
2451 3201 2556 3263 27,
2607 3197 2704 3256 95.

2295 3309 2532 3363 Aratea
2574 3307 2909 3380 provincia.
2968 3306 3260 3384 Pleraque
3304 3325 3378 3362 ex
3411 3307 3539 3363 Pu-

2225 3386 2371 3439 nicis
2414 3383 2633 3457 oppida
2675 3395 2731 3439 et
2761 3382 2896 3439 linis
2925 3382 3535 3455 Karthaginiensium,

2223 3479 2369 3535 qnos
2402 3461 2724 3516 novissime
2754 3458 3105 3519 habuerant,
3141 3460 3393 3532 populus
3422 3459 3540 3515 Ro·

2223 3554 2431 3590 manus
2482 3554 2591 3608 per
2631 3537 3013 3605 magistratus
3056 3534 3533 3599 administrabat.

2223 3609 2345 3667 Sal.
2369 3612 2497 3683 lug.
2522 3617 2613 3668 19.
2641 3640 2699 3649 -
2721 3612 2948 3673 Africa.
2969 3630 3079 3665 arx
3110 3613 3375 3665 oninium
3402 3630 3541 3683 pro-

2223 3689 2580 3751 vinciarum,
2614 3697 2751 3741 nata
2790 3687 2861 3741 ad
2895 3685 3108 3741 bellum
3139 3697 3350 3742 contra
3386 3688 3538 3742 hauc

2223 3761 2426 3817 urbem
2450 3760 2797 3834 gerendum.
2844 3780 2955 3833 pro
2990 3761 3234 3831 Ligario
3271 3768 3431 3824 7,22.
3464 3793 3536 3805 -

2223 3839 2353 3896 Una
2391 3857 2463 3892 ex
2497 3835 2776 3893 omnibus
2811 3837 3206 3892 Caesarianae
3251 3839 3537 3892 victoriae

2223 3915 2475 3969 maxime
2494 3914 2727 3969 infesta.
2759 3912 2909 3968 Ibid.
2930 3918 2987 3975 8,
3009 3914 3250 3970 :Th—In
3269 3912 3536 3968 Africani

2224 4009 2342 4044 non
2374 3991 2477 4045 ivi.
2529 3989 2756 4044 Iudicio
2781 3989 2891 4044 hoc
2914 4006 3043 4043 sum
3069 4006 3230 4052 usus,
3261 4006 3380 4042 non
3406 4005 3535 4042 esse

2186 4063 2498 4120 =barbaris
2565 4064 2802 4119 auxiliis
2862 4064 3274 4119 fallacissimae
3344 4065 3535 4135 gentis

2224 4160 2349 4196 reni
2404 4139 2699 4213 publicam
2752 4137 3204 4195 defendendam.
3284 4139 3355 4193 ad
3405 4137 3530 4191 An.

2231 4226 2328 4280 11,
2375 4225 2442 4278 7,
2490 4220 2544 4273 5.
2593 4245 2661 4258 --
2704 4214 3125 4280 Saturimnnc)
3166 4213 3338 4270 fimus
3387 4212 3535 4279 (nos

2231 4292 2504 4355 Romani)
2547 4309 2619 4344 ex
2643 4293 2846 4346 Africa
2889 4302 2945 4345 et
2975 4287 3278 4345 Sardinia.
3339 4287 3536 4342 Varro

2228 4367 2350 4423 ΒΗ.
2395 4376 2467 4433 2,
2512 4366 2710 4422 Praef.
2757 4373 2811 4426 5.

2300 4481 2654 4535 Armeniae
2706 4477 2953 4535 bestiae.
3030 4477 3229 4533 Varro
3285 4475 3409 4530 BR.
3464 4480 3534 4540 5,

2238 4562 2331 4622 15,
2364 4561 2418 4615 5.
2471 4585 2531 4595 -
2577 4556 2896 4610 Africanae
2941 4553 3124 4610 ferae.
3170 4551 3243 4607 ad
3273 4550 3438 4606 Fam.
3480 4555 3536 4620 8,

2228 4640 2284 4696 8,
2324 4638 2411 4689 10.
2470 4630 2622 4686 Ibid.
2671 4637 2740 4698 9,
2787 4639 2840 4692 5.

2302 4746 2646 4802 Araxcaxvs
2683 4745 2874 4799 maior
2916 4754 2971 4797 et
3009 4743 3228 4798 minor.
3287 4738 3439 4797 Vide
3478 4741 3542 4797 iu

845 4859 1097 4916 Caesare
1141 4861 1394 4915 factumi
1470 4860 1557 4914 lli.
1610 4864 1698 4919 ¹⁸6.
1775 4862 1986 4917 Castra
2038 4820 2554 4930 uio-³4C⁰⁸⁸⁵¹‘¹¹⁵
2590 4820 2992 4877 beu’mm‘ws’

2303 4937 2563 4992 Araxcus
2588 4943 2819 4988 ventus.
2854 4930 2925 4987 de
2941 4929 3078 4986 Nat.
3110 4930 3179 4987 D.
3213 4939 3261 4997 1,
3287 4934 3380 4997 56,
3411 4939 3540 4990 101.

2305 5049 2567 5105 Araxcus
2609 5049 2796 5102 vicus.
2840 5063 2897 5099 v.
2938 5044 3119 5102 Vicus
3163 5047 3444 5103 Araxccs.

2304 5162 2640 5294 A4o7sne¹ties
2698 5169 2756 5214 et
2805 5159 3213 5235 Trophonius.
3297 5159 3544 5219 Tuscul.

2236 5250 2298 5306 l,
2436 5276 2451 5302 ,
2589 5249 2636 5292 1.
