4367 6084
1680 604 1940 674 LYCO
1982 649 2065 663 -·
2110 604 2430 674 LYDIA.

797 747 983 811 cho,
1012 746 1401 820 Astyanactis
1430 744 1605 812 tilius,
1631 747 2023 814 Troadensis‚

717 822 1117 896 philosophus
1172 821 1640 896 Peripateticus,
1707 840 2027 879 successor

718 897 1027 954 Stratonis
1068 897 1504 972 Lampsaceni,
1549 897 1620 954 de
1661 900 1779 972 quo
1818 899 2027 973 legen*

717 974 827 1029 dus
869 985 961 1028 est
987 972 1164 1042 Diog.
1197 972 1402 1029 L‘ai‘e’rt.
1436 978 1491 1038 5,
1519 978 1610 1033 65.
1631 991 1799 1050 seqq.
1854 973 2024 1030 Surb

760 1052 837 1104 sit
892 1049 963 1104 de
1006 1046 1227 1105 linibus
1267 1046 1563 1104 bonorum
1610 1059 1667 1104 et
1705 1047 2023 1106 malorum.

710 1068 925 1180 flictus
982 1136 1071 1179 est
1125 1137 1184 1180 et
1222 1127 1406 1196 Glyco
1462 1133 1711 1199 propter
1752 1124 2019 1180 dulcedi-

712 1218 849 1256 nem
891 1202 1208 1256 orationis.
1269 1199 1418 1255 Vide
1460 1198 1709 1256 collecta
1754 1217 1786 1253 a
1814 1199 2024 1254 Rubri*

706 1277 887 1333 kenio
929 1276 999 1330 ad
1034 1274 1214 1332 Rutil.
1248 1273 1483 1348 Lupum
1512 1294 1570 1349 p.
1603 1280 1696 1332 9'1.
1727 1304 1799 1316 —
1828 1273 2019 1346 Lyco,

709 1351 1017 1409 Stratonis
1044 1350 1394 1436 discipuluS,
1427 1348 2015 1424 oratione‘locuples,

705 1425 891 1484 rebus
945 1429 962 1482 i
1012 1429 1093 1482 sis
1149 1428 1426 1482 ieiunior.
1509 1425 1580 1480 de
1623 1425 1801 1480 Finn.
1851 1433 1917 1492 5,
1966 1432 2019 1491 5.

711 1508 807 1563 13.
859 1531 916 1544 -
1023 1520 1138 1576 yco
1180 1501 1615 1577 aegritudinem
1656 1511 2015 1564 extenuans,

709 1580 919 1653 parvis
962 1581 1043 1633 ait
1084 1596 1214 1634 eam
1243 1576 1420 1633 rebus
1451 1576 1701 1642 moveri,
1742 1576 2023 1632 fortunae

712 1664 772 1709 et
824 1654 1104 1728 corporis
1157 1652 1590 1716 incommodis,
1656 1670 1779 1708 nou
1838 1656 2019 1708 animi

713 1730 907 1785 malis.
990 1727 1237 1786 Tuscul.
1281 1735 1338 1796 5,
1384 1737 1477 1794 32,
1523 1733 1615 1787 78.

789 1842 1179 1907 chonsuts,
1207 1848 1319 1898 rex
1347 1839 1528 1914 Scyri
1557 1839 1805 1896 insulae.
1857 1838 2023 1896 Neu-

712 1917 1008 1993 ptoleinus
1049 1918 1296 1974 Troiam
1351 1934 1566 1991 capere
1615 1933 1737 1972 non
1792 1920 2019 1989 potuis*

716 2003 828 2058 set,
870 1997 921 2050 si
962 1992 1398 2066 Lycomedem,
1459 1991 1613 2067 apud
1669 2009 1840 2065 queiii
1895 2004 2015 2048 erni

713 2070 1035 2134 educatus,
1111 2070 1311 2125 multis
1378 2085 1510 2123 cuin
1575 2068 1838 2123 lacrimis
1904 2069 2019 2122 iter

711 2164 883 2200 suum
952 2146 1374 2220 impedientem
1432 2143 1641 2198 andire
1708 2142 2015 2199 voluisset.

709 2220 876 2277 Lael.
909 2229 1003 2286 20,
1037 2226 1130 2280 75.
1174 2249 1244 2262 —-
1290 2219 1581 2276 Educavit
1621 2227 1816 2274 autem
1857 2217 2019 2273 Neu-
2054 2249 2055 2256 2

707 2294 1030 2428 fimum-⁸¹⁸
1078 2305 1349 2384 oppotem
1379 2339 1392 2357 ,
1437 2292 1627 2351 filium
1664 2293 1917 2352 Achillis
1962 2308 2019 2348 et

767 2373 1057 2428 eidamiae
1098 2373 1253 2428 liliae
1297 2388 1461 2440 suae.

779 2484 1140 2542 choxututs
1179 2483 1521 2556 Bithynius.
1578 2481 1651 2538 Ei
1689 2480 2015 2538 Comaniim

697 2561 1108 2618 sacerdotium
1162 2560 1527 2616 adiudicavit
1583 2557 1805 2615 Caesar
1861 2577 1912 2612 a.
1958 2576 2015 2612 u.

712 2655 763 2692 c.
809 2642 939 2696 706.
997 2635 1147 2693 Bell.
1192 2634 1370 2691 Alex.
1415 2638 1510 2693 66.

786 2748 1162 2805 chunctus.
1242 2747 1492 2803 Nosmet
1543 2747 1696 2821 ipsi,
1756 2746 1855 2820 qui
1895 2742 2015 2816 Ly*

712 2827 921 2915 ουτῆρῇ
961 2824 1335 2954 Ἂινίηοόρίἀο
1360 2823 1714 2957 ἑιιιίιεεΐωυὲ
1758 2821 2019 2956 qsuotiidLe

712 2902 962 3039 essendi?
979 2917 1170 3030 ἰυεῗέἐ·
1210 2917 1499 3047 Cycni-gi,
1545 2935 2019 3029 o⁹ratoris·At⁶he*·

714 3054 970 3117 niensis,
1014 3051 1119 3126 qui
1156 3054 1596 3107 accusationem
1639 3045 1962 3104 factitabat.

793 3164 1137 3231 chuscus,
1206 3161 1748 3227 Lacedaemonius,
1826 3160 2019 3236 legum

711 3240 891 3297 lator.
987 3239 1346 3312 Lycurgus,
1414 3240 1584 3294 cuius
1648 3233 2019 3311 temporibus

712 3315 1013 3372 Homerus
1070 3317 1247 3371 etiam
1299 3315 1482 3370 fuisse
1525 3323 1663 3368 ante
1706 3313 1860 3369 hanc
1899 3312 2019 3368 Ur*-

712 3390 847 3448 bem
890 3390 1191 3448 conditam
1233 3388 1513 3455 traditur,
1558 3388 1799 3464 sapiens
1828 3390 2019 3444 etha-

709 3466 967 3524 bebatur
1008 3476 1068 3523 et
1097 3465 1535 3522 nominabatur.
1590 3463 1834 3521 Tuscul.
1869 3468 1926 3528 5,
1960 3468 2015 3528 Ξ,

712 3549 767 3602 7.
806 3572 866 3583 -
899 3543 1238 3615 Lycurgus,
1279 3544 1377 3616 qui
1411 3540 2015 3596 Lacedaemoniorum

708 3636 840 3675 rem
880 3617 1179 3692 publicam
1224 3617 1578 3691 temperavit
1604 3659 1619 3682 ,
1684 3617 1840 3691 leges
1880 3632 2019 3670 suas

712 3698 1070 3750 auctoritate
1123 3692 1425 3767 Apollinis
1465 3690 1740 3764 Delphici
1794 3688 2019 3746 confir*-

711 3772 918 3824 mavit.
984 3769 1058 3825 de
1085 3769 1288 3826 Divin.
1322 3777 1377 3833 1,
1408 3769 1504 3831 45,
1534 3769 1628 3826 96.
1676 3796 1731 3808 -
1781 3766 2023 3838 Lycur*

711 3863 824 3918 gus
853 3847 1112 3919 primum
1140 3845 1290 3899 vidit
1316 3842 1492 3911 (idem
1523 3841 1680 3918 quod
1715 3841 2023 3904 Romulus]

714 3920 1007 3995 singulari
1069 3921 1322 3994 imperio
1391 3929 1449 3973 et
1507 3925 1802 3992 potestate
1860 3934 2023 3988 regis

714 4007 840 4051 tum
883 3994 1089 4051 melius
1119 3992 1444 4067 gubernari
1475 4006 1533 4049 et
1562 3994 1691 4067 regi
1722 3995 2015 4056 civitates,

715 4073 766 4126 si
809 4080 968 4127 esset
1007 4072 1216 4145 optimi
1259 4073 1542 4145 cuiusque
1585 4070 1656 4125 ad
1700 4067 1859 4124 illam
1903 4072 2019 4120 rim

719 4149 1147 4203 dominationis
1193 4146 1472 4203 adiuncta
1516 4149 1866 4200 auctoritas.
1950 4144 2019 4196 de

715 4222 868 4296 Rep.
917 4229 973 4286 2,
1006 4229 1063 4288 9,
1097 4231 1184 4281 15.
1235 4252 1294 4261 -
1343 4220 1592 4278 Centum
1636 4231 1694 4275 et
1733 4229 1869 4275 octo
1912 4240 2019 4276 an-

717 4301 836 4361 uis,
881 4308 1192 4374 postquam
1224 4299 1540 4382 Lycurgus
1570 4296 1725 4368 leges
1753 4296 2019 4353 scribere
2043 4300 2053 4362 ἢ,

716 4376 1015 4435 instituit,
1072 4374 1260 4448 prima
1302 4384 1493 4448 posita
1538 4383 1628 4427 est
1669 4371 2015 4447 Olympiasz

713 4468 890 4580 quam
947 4449 1186 4525 quidam
1242 4449 1499 4506 nominis
1554 4467 1761 4503 errore
1803 4451 1875 4504 ali
1917 4468 2019 4504 vu*

756 4544 844 4580 ein
870 4526 1152 4599 Lycurgo
1176 4533 1558 4582 constitutam
1584 4535 1811 4598 putant.
1868 4523 2015 4580 mid.
2043 4535 2055 4562 ³

715 4610 806 4664 10,
854 4611 944 4659 18.
995 4630 1056 4640 -
1102 4601 1421 4674 Lycurgus
1465 4618 1663 4674 regem
1710 4618 1831 4655 non
1874 4601 2019 4656 deli-

710 4676 967 4753 gendum
1012 4676 1200 4742 duxit,
1242 4676 1345 4732 sed
1391 4673 1748 4740 habendum,
1795 4676 2017 4750 qualis-

711 4771 949 4829 cunque
992 4754 1042 4808 is
1082 4752 1267 4816 foret,
1311 4754 1411 4828 qui
1451 4750 1630 4806 modo
1670 4760 1827 4806 esset
1865 4751 2019 4807 Her*

711 4829 863 4884 culis
905 4829 1092 4902 stirpe
1135 4837 1480 4905 generatus.
1555 4825 1626 4881 de
1660 4826 1802 4900 Rep.
1833 4834 1890 4892 2,
1934 4836 2015 4888 12,

711 4908 807 4963 24.
853 4935 927 4948 —
969 4904 1120 4959 lbid.
1166 4909 1270 4971 23,
1317 4904 1409 4961 42.
1461 4932 1522 4942 —
1569 4901 1884 4975 Lycurgus
1926 4928 2019 4976 ῃ-

714 5001 942 5053 portae
971 4979 1424 5036 Lacedaemone
1458 4977 1801 5052 appellavit,
1850 4980 2023 5034 nimis

712 5060 763 5112 i's
818 5056 1059 5131 quidem
1114 5074 1374 5130 paucos,
1432 5073 1582 5131 quos
1638 5071 1820 5126 penes
1860 5072 2020 5110 suni·

715 5150 870 5188 mam
914 5132 1153 5188 consilii
1193 5132 1382 5187 voluit
1421 5149 1573 5195 esse,
1619 5148 1752 5185 cum
1793 5132 2023 5206 imperii

719 5227 1016 5266 summam
1053 5225 1163 5263 rex
1203 5214 1436 5264 teneret
1475 5215 1560 5278 (ut
1600 5211 1778 5264 etiam
1804 5207 2027 5265 Romu-

902 5317 1160 5366 Onoinast.
1201 5318 1305 5368 Cic.
1341 5319 1386 5364 11
1393 5352 1409 5370 .

3268 612 3390 679 369

2083 746 2205 804 lum
2232 747 2505 823 patribus
2530 748 2701 806 lectis
2728 751 2939 808 secisse
2967 750 3272 818 diximus).
3317 751 3392 810 de

2086 823 2232 910 Rep.
2284 831 2355 889 2,
2405 831 2508 889 28,
2556 830 2646 885 50.
2691 855 2765 911 -3
2822 823 3138 912 Lycurgus
3191 827 3391 905 legum

2082 910 2445 972 optimarum
2495 909 2555 956 et
2597 918 2939 975 aequissimi
2981 904 3131 959 iuris
3172 904 3389 960 inven-

2080 982 2228 1105 ἰῖἶεί,
2262 974 2873 1107 ‘'fi‘’{lssffllf'sssssswa
2900 976 3060 1108 ''iib‘
3082 1020 3097 1045 ’
3118 989 3390 1111 5¹¹‘9m‘

2080 1153 2152 1166 -
2208 1070 2355 1196 dri-,⁰
2382 1069 2667 1193 ‘ibidftif
2693 1131 2725 1185 5
2747 1093 2777 1191 ,’
2808 1069 2909 1186 5.e
2937 1057 3390 1202 -ephy’cu'rgffi

2056 1202 2391 1275 superior,
2439 1219 2486 1261 ο
2537 1219 2654 1276 quo
2711 1209 2803 1256 est
2842 1200 3157 1276 disciplina
3197 1202 3390 1260 Lace-

2056 1276 2532 1333 ”daemoniorum
2576 1275 2861 1334 adstricta
2905 1274 3155 1353 legibus.
3212 1277 3385 1335 Brut.

2084 1359 2184 1417 to,
2231 1353 2328 1412 [10.
2415 1353 2709 1426 (Superior
2746 1351 3002 1419 dicitur,
3067 1365 3132 1410 ut
3172 1353 3390 1410 (listin-
3465 1385 3474 1391 ·

2077 1437 2295 1504 guatur
2347 1446 2380 1482 a
2433 1429 2791 1497 cognomine
2843 1439 3083 1485 oratore
3131 1429 3386 1499 Attico.)

2082 1532 2149 1545 —
2194 1500 2441 1558 Cretum
2491 1502 2652 1576 leges
2692 1505 2951 1580 itemque
2991 1502 3257 1576 Lycurgi
3296 1504 3390 1560 la-··

2078 1575 2329 1634 boribus
2370 1576 2654 1634 erudiunt
2691 1580 3053 1635 iuventutem
3083 1579 3383 1648 venando,

2079 1653 2402 1719 currendo,
2430 1653 2774 1720 esuriendo,
2805 1653 3083 1720 sitiendo,
3116 1653 3387 1731 algendo,

2077 1727 2428 1785 aestuando.
2489 1728 2737 1784 Tuscul.
2783 1735 2850 1796 2,
2896 1735 2998 1795 ss,
3046 1730 3140 1791 54.
3190 1761 3250 1772 -
3296 1730 3388 1788 Ne

2078 1803 2346 1878 Lycurgi
2386 1803 2621 1879 quidem
2665 1804 2979 1878 disciplina
3021 1805 3216 1861 tenuit
3250 1805 3385 1863 illos

2080 1883 2137 1936 iu
2216 1876 2558 1947 hominibus
2618 1880 2871 1936 Graecis
2934 1881 3178 1947 frenos3
3249 1899 3385 1937 nain

2078 1957 2256 2012 etiam
2313 1952 2571 2030 Spartae
2637 1966 2929 2030 regnante
2994 1954 3385 2032 Theopompo

2077 2042 2219 2089 sunt
2261 2032 2396 2086 item
2438 2032 2737 2107 quinque,
2798 2048 2948 2107 quos
3002 2031 3087 2088 illi
3126 2034 3386 2107 ephoros

2076 2105 2402 2182 appellant,
2449 2110 2508 2160 in
2553 2105 2732 2163 Creta
2772 2118 2969 2162 autem
3009 2108 3237 2173 decem,
3284 2107 3387 2184 qui

2077 2200 2317 2239 cosmoe
2359 2192 2678 2247 vocantur,
2723 2193 2786 2238 ut
2822 2194 3034 2239 contra
3065 2181 3386 2239 consulare

2076 2262 2392 2332 imperium
2435 2254 2666 2314 tribuni
2706 2256 2937 2333 plebis,
2980 2261 3067 2316 sic
3112 2257 3196 2313 illi
3235 2276 3388 2315 con-

2076 2344 2168 2389 tra
2212 2335 2329 2389 viiii
2370 2335 2596 2409 regiam
2637 2333 2965 2390 constituti.
3021 2333 3092 2389 de
3130 2333 3276 2408 Piep.
3322 2341 3384 2401 2,

2052 2413 2181 2475 133,
2222 2413 2316 2468 58.
2364 2439 2431 2451 --
2474 2407 2744 2484 Lycurgi
2785 2409 2966 2477 leges.
3033 2409 3280 2465 Tuscul.
3331 2422 3382 2477 ι,

2075 2485 2183 2551 42,
2240 2495 2350 2542 100
2395 2495 2453 2540 et
2502 2490 2630 2543 101.
2689 2512 2753 2526 -
2807 2483 2880 2541 Ei
2935 2493 3385 2559 postponuntur

2075 2561 2409 2617 Pausanias
2438 2558 2888 2634 Lysaiiderque.
2947 2561 3020 2617 de
3041 2559 3163 2618 Off.
3199 2570 3253 2625 1.
3287 2567 3382 2628 22,

2078 2643 2183 2697 76..
2212 2667 2281 2680 -
2323 2634 2592 2711 Lycurgi
2640 2637 2874 2710 scripta
2923 2652 2999 2690 ex
3036 2633 3386 2693 Stoicorum

2075 2709 2372 2770 sententia
2424 2729 2546 2766 non
2601 2721 2775 2766 erant
2829 2709 3007 2780 leges.
3088 2709 3279 2767 Acad.
3327 2717 3386 2778 2,

2074 2791 2170 2853 4'1,
2204 2791 2313 2847 156
2382 2812 2445 2826 -
2488 2783 2782 2859 Lycurgi.
2807 2776 3127 2842 'Draconis
3167 2782 3388 2845 et.So-

2078 2864 2233 2920 lonis
2307 2859 2539 2934 legibus
2616 2860 2913 2917 Romanas
2984 2861 3248 2935 praefert
3316 2859 3386 2917 Ι...

2077 2938 2334 2998 Crassus
2358 2957 2375 2990 ε
2417 2936 2489 2992 de
2518 2935 2627 2993 Or.
2661 2944 2718 2998 1.
2747 2937 2842 3000 lsi,
2876 2940 3003 2995 197.
3039 2963 3114 2979 —-
3151 2933 3388 3005 Lycur·

2077 3033 2185 3089 gns
2227 3013 2536 3089 eloquens.
2592 3012 2665 3067 de
2688 3009 2796 3069 Or.
2831 3019 2886 3076 1,
2926 3017 3011 3076 13,
3042 3016 3133 3073 58.
3161 3038 3236 3054 —
3261 3009 3390 3067 Me-

2080 3098 2347 3147 moratur
2400 3096 2710 3163 praeterea
2763 3085 2836 3143 de
2876 3085 2984 3144 Or.
3021 3087 3092 3151 5,
3143 3092 3243 3152 15,
3282 3090 3381 3146 56.

2079 3166 2148 3221 de
2191 3165 2375 3239 Legg.
2419 3171 2475 3228 1,
2518 3169 2614 3228 22.
2659 3168 2751 3222 57.
2822 3159 2894 3217 de
2933 3161 3019 3219 Re
3069 3200 3084 3215 .
3127 3168 3184 3226 2,
3235 3172 3283 3227 t,
3322 3167 3382 3219 2.

2077 3240 2325 3298 'rusi-ut.
2356 3251 2409 3304 ι,
2433 3239 2527 3304 46,
2553 3247 2683 3296 110.
2741 3236 2813 3293 de
2833 3235 2967 3294 Nat
3050 3276 3065 3291 .
3090 3242 3143 3301 ὅ,
3166 3238 3261 3300 58.
3286 3242 3382 3296 91.

2087 3348 2145 3361 -
2215 3315 2531 3388 Lycurgus
2603 3310 3152 3370 Lacedaemonibus
3221 3311 3383 3387 leges

2078 3392 2344 3467 scripsit.
2404 3390 2752 3447 Victorinus
2794 3388 2841 3444 1.
2881 3408 2940 3465 p.
2987 3392 3078 3447 16.

2153 3495 2486 3559 chmicus,
2509 3493 2911 3559 Atheniensis,
2928 3491 3384 3561 Demosthenes,

2077 3570 2441 3647 Hyperides,
2484 3568 2851 3625 Dinarchus.
2910 3566 3087 3637 (Vide
3127 3566 3387 3625 Bri-tax·

2058 3657 2231 3718 1uss.)
2286 3647 2357 3702 de
2399 3644 2505 3702 Or.
2547 3651 2617 3711 2,
2661 3648 2773 3708 25.
2815 3645 2909 3701 94.
2952 3673 3025 3687 —
3066 3641 3404 3717 Lycurgus-

2058 3733 2286 3780 ³orator
2335 3721 2592 3777 Athenis
2644 3720 3089 3776 accusationem
3148 3720 3389 3774 factita-

2078 3801 2197 3864 vit,
2259 3805 2324 3853 ut
2361 3796 2583 3853 Romae
2626 3794 2709 3851 M.
2753 3793 2997 3851 Brutus.
3073 3791 3241 3850 Brut.
3286 3797 3383 3864 54,

2083 3879 2209 3934 130.
2244 3901 2306 3914 -
2352 3873 2667 3947 Lycurgus
2710 3878 2939 3927 orator.
2997 3868 3171 3927 Brut.
3202 3873 3259 3935 9.
3289 3873 3387 3931 56.

2083 3978 2143 3990 -—
2208 3948 2419 4006 Exstat
2477 3949 2603 4003 eius
2666 3947 3104 4014 elegantissima
3170 3957 3387 4004 contra

2078 4025 2432 4082 Leocratem
2474 4025 2686 4080 oratio.
2744 4021 2892 4078 Vide
2933 4020 3305 4078 chvacsus.

2151 4129 2313 4186 [τοι
2365 4129 2749 4200 contemptim
2806 4137 3217 4182 memorantur
3265 4141 3383 4182 una

2078 4224 2213 4262 cum
2254 4204 2441 4278 Mysis
2483 4213 2541 4258 et
2581 4200 2953 4277 Phrygibus:
3012 4218 3122 4275 pro
3164 4201 3382 4256 Flacco

2077 4292 2132 4347 2,
2175 4285 2228 4339 3.
2284 4279 2437 4334 llud.
2467 4281 2563 4342 40,
2599 4285 2725 4338 100.
2776 4305 2837 4316 -·
2882 4274 3383 4349 Lydi‘ees-Tyrrlse·

2054 4363 2180 4409 inae
2209 4362 2400 4423 gentis
2435 4353 2722 4405 harusvex
2761 4350 2833 4407 de
2861 4351 2998 4408 Div.
3045 4360 3102 4416 1,
3147 4359 3240 4417 12,
3289 4355 3380 4409 ¹9.

2386 4430 2524 4503 quia
2568 4429 2807 4484 Etrusci
2850 4427 3177 4484 Tvrrheno
3230 4426 3383 4482 duce

3222 4499 3377 4561 Vell,

2078 4433 2330 4491 dicitur,
2910 4488 2925 4499 ο

2078 4526 2108 4563 e
2175 4505 2369 4578 Lydia
2433 4505 2672 4560 venisse
2737 4500 3105 4559 ferebantur.

2081 4582 2319 4638 Paterc.
2364 4587 2419 4645 1,
2466 4585 2521 4634 2.

2152 4676 2388 4739 Lrou,
2438 4674 2607 4746 regio
2645 4672 2828 4730 Asiae
2869 4672 3119 4728 minoris
3171 4687 3382 4728 versus

2081 4767 2244 4806 mare
2270 4751 2569 4820 Aegaeum
2614 4749 2772 4804 inter
2798 4747 3048 4810 Ioniam,
3093 4743 3384 4813 Aeoliam,

2048 4884 2059 4909 Ι,
2081 4837 2136 4881 et
2166 4826 2489 4897 Phrygiam
2520 4841 2815 4899 magnam.
2863 4821 3019 4893 Quid
3050 4839 3161 4894 ego
3190 4822 3384 4880 dicatu

2083 4903 2153 4958 de
2196 4900 2428 4974 Lydia?
2491 4900 2624 4977 quis
2666 4917 2923 4974 unquam
2966 4898 3235 4954 Graecus
3278 4917 3386 4955 co-

2081 4981 2377 5035 moediam
2417 4977 2695 5050 scripsit,
2742 4977 2800 5031 in
2844 4992 2956 5050 qua
3000 4991 3213 5029 servus
3252 4975 3386 5050 pri-

2087 5052 2313 5111 marum
2344 5056 2601 5128 partium
2634 5069 2751 5107 non
2781 5049 2985 5122 Lydus
3014 5061 3170 5107 esset
3192 5050 3219 5106 i’
3271 5067 3385 5125 pro

2084 5130 2299 5188 Flacco
2326 5137 2421 5196 27,
2453 5135 2546 5192 65.
2571 5159 2644 5172 -
2671 5127 2738 5184 In
2768 5125 2958 5200 Lydia
2982 5129 3141 5184 sacri
3166 5130 3385 5204 pisces.

2084 5206 2282 5267 Varro
2321 5205 2450 5266 lut.
2488 5209 2548 5277 3,
2596 5210 2686 5276 17,
2728 5208 2783 5264 4.

2754 5289 2840 5357 24
