4367 6084
747 662 801 728 M.
824 660 1035 731 LICINIUS
1057 666 1098 733 P.
1123 666 1165 732 F.
1190 604 1411 736 crassus:
1698 673 1760 738 307

423 805 486 863 Sal.
502 804 582 862 Hist.
596 805 624 862 0.
670 807 754 862 ,250
782 801 839 859 Ed.
855 802 938 861 Gerl.
953 806 1026 862 min.
1041 836 1077 851 -
1107 803 1242 876 volebat,
1267 818 1302 865 ut
1326 809 1352 866 is
1377 807 1536 868 reduceret
1557 794 1761 872 Ptolemaeum

421 881 464 940 Μ.
481 881 617 937 Licinius
664 896 765 935 rassus
785 897 846 935 una
866 897 935 934 eum
956 878 1077 938 C.Cae·
1107 883 1254 941 Auletera.
1291 902 1317 939 a.
1337 902 1368 941 n.
1390 903 1418 940 c.
1440 888 1506 945 698.
1540 887 1576 944 ad
1598 888 1635 961 Q.
1654 890 1707 947 Fr.
1730 898 1759 958 2,

421 974 491 1013 sare
518 956 685 1013 acerrimus
714 965 744 1010 et
771 954 996 1029 potentissimus
1022 956 1078 1012 fuit
1108 965 1136 1022 5,
1156 964 1182 1014 2.
1202 983 1239 998 -
1259 957 1301 1015 Μ.
1318 958 1444 1017 Crassus
1466 977 1532 1016 curu
1546 961 1601 1020 Cn.
1617 963 1761 1040 Pompeio

369 1029 374 1075 ¹
416 1032 579 1090 Ciceronis
600 1031 779 1104 refragator,
806 1048 875 1086 cum
895 1031 983 1105 petiit
1002 1049 1077 1088 con·
1107 1041 1138 1087 et
1156 1033 1304 1091 Cicerone
1326 1053 1383 1110 pro
1400 1035 1540 1092 facultate
1567 1049 1597 1092 et
1622 1058 1678 1114 pro
1702 1038 1761 1099 fide
1875 1088 1882 1096 .

420 1108 552 1164 sulatum
565 1127 591 1162 a.
605 1125 635 1163 u.
649 1125 676 1161 c.
691 1108 771 1170 690.,
794 1105 873 1180 qnod
889 1107 953 1162 eius
968 1107 999 1162 in
1014 1106 1078 1163 dies
1107 1125 1160 1163 sua
1181 1108 1409 1181 diliventissirne
1432 1111 1565 1168 defendit
1582 1111 1619 1169 L.
1643 1113 1760 1173 Coroe-

421 1183 542 1241 cirilem
572 1198 710 1238 crescere
741 1179 915 1255 dignitatem
942 1181 1078 1237 animad-
1107 1182 1179 1239 linnr
1193 1158 1319 1240 Balbum
1338 1186 1379 1261 (a.
1394 1204 1425 1241 n.
1441 1202 1468 1241 c.
1484 1192 1565 1255 698.)
1590 1205 1648 1264 pro
1666 1189 1761 1247 Balbo

420 1258 576 1316 vertebat:
599 1267 629 1313 et
646 1259 702 1313 boc
720 1257 784 1330 ipse
802 1255 910 1313 Cicero
929 1257 960 1312 in
974 1257 1077 1333 Expo·
1108 1264 1135 1326 7,
1154 1264 1198 1316 17.
1220 1258 1295 1316 lbid.
1312 1268 1360 1327 22,
1376 1265 1423 1319 50.
1434 1260 1524 1317 -Μ.
1538 1261 1643 1321 Crassi
1653 1268 1762 1322 castis-

422 1337 532 1391 sitione
554 1332 751 1390 consiliorum
771 1350 895 1389 suorum
915 1330 1075 1408 significat.
1107 1337 1181 1391 sima
1200 1333 1315 1392 domna.
1342 1354 1400 1410 pro
1414 1336 1517 1395 Caelio
1532 1341 1562 1404 0,
1577 1341 1606 1396 9.
1630 1368 1663 1382 -
1683 1340 1762 1397 Fra-

420 1410 495 1466 Eius
513 1428 631 1486 quoqne
644 1409 874 1474 coniurationis,
899 1426 974 1484 quae
989 1407 1076 1465 Cotta
1107 1419 1226 1485 gmenta
1244 1413 1307 1467 eius
1321 1412 1479 1481 orationis,
1569 1413 1610 1470 Μ.
1626 1413 1761 1472 Caelium

421 1497 451 1542 et
472 1485 630 1561 Torquato
652 1502 731 1539 coss.
754 1481 793 1557 (a.
807 1501 837 1538 u.
855 1501 882 1538 c.
898 1488 964 1543 689.
999 1485 1077 1541 faeta
1108 1485 1250 1542 defendit.
1279 1484 1355 1543 lbid.
1377 1494 1406 1554 8,
1429 1492 1475 1551 td·
1539 1488 1578 1544 id.
1597 1496 1644 1558 10,
1659 1496 1704 1552 25.
1725 1520 1761 1534 -

421 1560 640 1619 estaCatilina
654 1558 815 1626 etPisone,
827 1561 928 1634 arguit
973 1558 1078 1616 .Cras·
1107 1560 1236 1618 Crassus
1263 1562 1339 1617 dixit
1363 1580 1421 1637 pro
1443 1561 1479 1619 P.
1503 1562 1614 1621 Sestio.
1655 1564 1757 1623 Sebol.

421 1655 487 1693 snm
509 1648 664 1692 auctorem
683 1634 786 1689 fuisse.
826 1635 941 1691 Ascon.
966 1636 996 1690 in
1016 1645 1077 1709 tog.
1108 1635 1183 1693 Bob.
1202 1654 1258 1724 pro
1273 1635 1373 1694 Sestio
1390 1656 1421 1713 p.
1437 1642 1502 1697 292.
1527 1668 1559 1680 -
1581 1640 1654 1697 Eius
1666 1652 1696 1697 et
1710 1640 1761 1699 Ci-

421 1712 512 1768 caud.
534 1732 563 1787 p.
586 1718 633 1773 85.
658 1739 689 1750 -
711 1708 826 1777 Fuere,
848 1713 900 1786 qui
919 1710 1078 1766 crederent
1108 1730 1227 1769 ceroma
1248 1723 1368 1768 mutuae
1388 1714 1538 1771 rationes:
1561 1717 1710 1793 quomodo
1730 1735 1758 1772 a.

421 1787 464 1844 Μ.
494 1788 643 1844 Licinium
669 1784 812 1842 Crassum
845 1804 906 1842 noa
938 1786 1077 1860 ignarum
1107 1806 1137 1843 ιι.
1160 1806 1187 1844 c.
1208 1790 1275 1847 699.
1310 1786 1561 1846 Cicerocumeo
1582 1791 1761 1868 ingratiam
1806 1850 1809 1858 ,

423 1862 570 1922 Catilinae
585 1860 703 1918 consilii
718 1860 809 1915 fuisse
826 1871 882 1916 cet.
910 1858 971 1917 Sal.
986 1859 1075 1917 Catil.
1107 1863 1252 1920 redierits
1281 1863 1319 1919 ad
1338 1862 1421 1920 Pam.
1445 1872 1473 1930 t,
1493 1869 1522 1932 9,
1544 1872 1591 1925 20.
1614 1896 1647 1911 ·-
1669 1866 1763 1925 Cras·

422 1945 469 1998 17.
495 1968 525 1979 -
548 1937 621 1994 Eius
637 1935 810 1994 inimicitiae
831 1954 898 1992 cum
912 1935 968 1993 Cn.
984 1936 1078 1994 Pom·
1107 1956 1171 1995 snm
1195 1937 1314 2016 quidem
1328 1949 1465 1995 nostrum
1480 1943 1597 1997 minore
1617 1941 1761 2016 dignitate

422 2013 503 2090 peio.
531 2012 609 2070 lbid.
627 2021 671 2073 18.
692 2036 728 2050 -
747 2009 783 2067 Ei
795 2009 941 2068 Gabinius
956 2015 986 2068 io
1000 2010 1076 2067 libe·
1107 2017 1190 2071 aiunt
1209 2015 1377 2089 profectum
1390 2014 1564 2089 paludatum
1584 2034 1673 2094 quarn
1690 2019 1762 2074 olins

421 2109 487 2147 ram
502 2089 669 2145 custodiam
682 2086 822 2143 traditur.
845 2086 908 2144 Sal.
924 2085 1012 2144 Catil.
1027 2087 1075 2143 07.
1106 2090 1259 2165 aequalem
1273 2092 1336 2146 eius
1351 2090 1386 2147 l..
1401 2090 1547 2157 Paullum,
1562 2092 1671 2149 iteruin
1684 2111 1761 2150 eon·

424 2165 553 2222 -Eum
581 2164 616 2220 L.
645 2163 831 2238 Tarquinius
848 2163 1076 2219 ·coninrationis
1106 2163 1212 2221 solem.
1243 2164 1439 2223 Obominem
1460 2168 1603 2243 nequam!
1630 2175 1713 2238 (ιιι.
1729 2186 1758 2225 c.

421 2259 490 2299 cunr
515 2238 643 2298 Catilina
671 2238 834 2295 insimulat.
872 2237 949 2295 Ibid.
970 2241 1018 2298 08.
1041 2268 1075 2280 -
1104 2239 1187 2314 699.)
1220 2239 1257 2297 ad
1272 2240 1376 2308 Αιι.1,
1392 2248 1439 2308 15,
1455 2248 1482 2298 2.
1507 2271 1538 2282 -
1560 2241 1598 2299 Ei
1618 2242 1688 2320 quid
1710 2261 1763 2299 ae·

420 2317 524 2391 lpsum
539 2316 681 2374 Crassum
701 2331 756 2387 ego
773 2322 877 2389 postea
897 2314 1075 2389 praedicas·
1105 2314 1223 2381 uiderit,
1235 2316 1380 2383 videmus,
1390 2318 1525 2373 dirarum
1534 2316 1761 2376 obnuntiatione

420 2391 609 2456 reinaudivi,
632 2400 747 2445 tantam
766 2388 846 2444 illam
866 2389 1076 2446 contumeliam
1107 2390 1251 2466 neglecta.
1289 2390 1325 2448 de
1343 2391 1444 2449 Dirin.
1467 2401 1495 2461 1,
1520 2400 1566 2460 16,
1589 2400 1637 2452 29.
1659 2425 1696 2439 -
1715 2393 1758 2451 Μ.

420 2466 479 2524 sibi
500 2466 538 2524 ab
559 2466 706 2524 Cicerone
727 2464 907 2538 impositam.
942 2462 1017 2521 lbid.
1042 2494 1072 2505 -
1105 2465 1235 2524 Crassus
1255 2485 1324 2524 enm
1343 2468 1509 2524 exercitum
1526 2467 1683 2527 Brundisii
1704 2471 1763 2526 im·

421 2542 462 2600 Μ.
482 2541 612 2601 Crassus
632 2550 672 2612 (a.
687 2560 718 2597 u.
735 2557 762 2594 c.
783 2540 863 2612 695.)
884 2540 1076 2597 ornatissime
1104 2552 1243 2618 poneret,
1264 2540 1384 2619 quidam
1401 2545 1433 2599 in
1446 2551 1536 2618 portu
1553 2547 1670 2602 caricas
1681 2545 1761 2602 Cau-

422 2618 458 2675 de
481 2638 547 2675 uico
569 2617 728 2675 consulatu
750 2614 869 2672 loeutus
892 2625 954 2681 est;
982 2626 1015 2671 ut
1034 2616 1075 2671 ita
1107 2636 1145 2674 no
1161 2617 1302 2674 advectas
1320 2617 1465 2683 vendens,
1480 2621 1608 2673 Cariam
1625 2620 1761 2677 elamita-

421 2695 551 2759 diceret,
573 2712 616 2758 se,
659 2693 719 2748 uod
741 2699 820 2747 esset
840 2702 974 2758 senator,
996 2690 1075 2767 quod
1105 2692 1167 2750 bat.
1196 2692 1232 2749 de
1253 2692 1356 2749 Diria.
1379 2700 1413 2759 2,
1436 2698 1489 2759 tu,
1512 2699 1559 2755 81.
1580 2724 1615 2738 -
1636 2694 1760 2764 Crasso,

421 2773 515 2837 civis,
537 2769 616 2845 quod
629 2769 650 2825 li
674 2787 723 2835 er,
747 2765 827 2843 qnod
847 2769 981 2833 viveret,
1003 2765 1075 2822 mibi
1105 2767 1282 2855 proconsuli
1301 2765 1428 2841 Syriae,
1458 2787 1534 2845 quae
1554 2769 1619 2841 lege
1642 2768 1761 2826 Trebo-

420 2843 1074 2978 11209691161992999
1106 2844 1760 2994 10.ὲὲ1166919·1612191116

419 2996 498 3054 lbid.
521 3008 546 3059 1.
566 3001 593 3053 0.
618 3026 648 3036 -
671 2995 730 3052 Per
752 2997 852 3050 iocum
878 2991 1016 3062 „Calvus
1039 3010 1076 3048 ex
1107 2992 1226 3071 publica
1247 2995 1421 3051 inimicitias
1437 2997 1496 3051 iam
1513 2997 1633 3052 tertium
1649 3013 1760 3051 recon-

420 3072 608 3129 Naoneianis
632 3071 706 3127 ille”
733 3079 860 3128 vocatur
879 3067 950 3125 ibid.
972 3073 1023 3132 16,
1046 3074 1074 3128 5.
1106 3072 1224 3135 ciliatus
1245 3069 1353 3126 scribit
1378 3070 1419 3145 (a.
1439 3089 1469 3126 ιι.
1492 3089 1518 3127 c.
1540 3070 1619 3144 700.)
1645 3079 1760 3203 quantu

421 3146 499 3204 Vide
513 3146 643 3204 Caurus.
663 3178 700 3190 -
721 3146 867 3217 Corrupit
879 3143 992 3200 iudices
1006 3142 1076 3200 cto·
1107 3147 1205 3202 studio
1230 3144 1364 3202 absentis
1390 3144 1565 3218 dignitatem
1591 3148 1623 3201 in
1670 3157 1760 3201 euatu

422 3224 540 3280 dianos.
581 3221 656 3278 lbid.
683 3254 718 3267 -
746 3222 858 3280 Caesar
877 3218 1075 3276 Rauennaea
1107 3221 1283 3278 defenderit.
1313 3218 1449 3277 adFam.
1472 3227 1499 3289 5,
1521 3226 1549 3278 8.
1577 3219 1653 3287 (Sex
1672 3225 1759 3277 annis

421 3299 464 3356 Μ.
481 3299 593 3356 Crasso
616 3302 646 3354 in
662 3297 839 3355 Ciceronem
853 3313 1010 3352 accensus.
1040 3295 1076 3350 ad
1107 3307 1177 3352 natu
1196 3299 1292 3352 maior
1313 3314 1401 3374 quam
1421 3296 1529 3355 Cicero
1548 3306 1613 3353 erat
1631 3296 1760 3355 Crassus

420 3375 505 3432 Fam.
531 3388 557 3440 1,
580 3380 608 3441 9,
630 3381 659 3433 9.
685 3406 714 3416 -
739 3374 779 3430 Μ.
793 3371 921 3428 Crassus
943 3389 1010 3428 eum
1025 3369 1077 3427 Ci·
1107 3371 1288 3447 totidemque
1305 3377 1391 3448 prior
1405 3372 1591 3429 consulatum
1605 3382 1758 3448 gesserat3

421 3469 532 3508 cerone
552 3462 581 3506 et
594 3450 758 3506 Hortensio
777 3445 909 3503 defendit
923 3447 958 3502 L.
973 3445 1076 3502 Mure·
1107 3452 1171 3504 iure
1195 3449 1287 3518 igitur
1311 3447 1380 3523 plus
1403 3447 1514 3505 Crasso
1539 3446 1647 3505 tribuit
1672 3466 1759 3524 quam

420 3547 502 3583 nam.
532 3545 588 3601 pro
607 3525 731 3581 Murena
753 3531 842 3591 0,10.
872 3520 948 3578 lbid.
964 3526 1011 3588 25,
1026 3524 1073 3580 08.
1107 3522 1174 3579 sibi.
1202 3523 1338 3587 lrfaunr.)
1363 3553 1393 3564 -
1423 3522 1552 3597 Sapiens
1573 3530 1685 3581 rectius
1705 3543 1760 3598 ap·

420 3602 603 3658 -Asianos
623 3601 749 3675 impulit,
767 3596 1076 3671 ntanderentpostu-
1106 3597 1268 3675 pellabitur
1296 3599 1378 3655 dives
1406 3618 1492 3674 quam
1519 3599 1664 3665 Crassus,
1695 3602 1757 3675 qui,

418 3678 495 3743 lare,
512 3688 544 3732 nt
558 3678 750 3734 induceretur
763 3673 874 3733 locatio
885 3672 1076 3748 vectigalium
1108 3677 1165 3730 nisi
1176 3678 1315 3748 eguisset,
1323 3692 1474 3751 nunqnam
1482 3675 1666 3749 Euphratem
1679 3674 1759 3731 nulla

420 3752 634 3810 ascensoribus
655 3753 743 3808 facta.
773 3751 813 3820 (a.
836 3767 864 3804 u.
883 3767 909 3804 c.
931 3749 1012 3822 695.)
1039 3749 1075 3805 ad
1106 3749 1276 3806 bellicausa
1291 3752 1422 3806 transire
1435 3750 1589 3807 uoluisset.
1619 3749 1655 3807 de
1667 3751 1755 3806 Finn.

420 3830 485 3885 Att.
510 3842 541 3896 1,
565 3837 617 3893 17,
639 3832 667 3886 9.
688 3856 723 3867 -
751 3825 1004 3900 Ospectaculum
1023 3832 1075 3882 uni
1106 3831 1139 3893 5,
1163 3834 1215 3892 22,
1240 3829 1287 3885 75.
1315 3856 1351 3870 -
1378 3826 1419 3883 Μ.
1446 3825 1574 3883 Crassus
1599 3827 1759 3883 interfecto

421 3904 534 3963 Crasso
546 3905 707 3960 iucundum
718 3902 890 3976 (Pompeius
903 3900 1001 3957 animo
1013 3903 1076 3957 fra·
1106 3899 1213 3957 Publio
1237 3898 1301 3957 filio
1331 3904 1523 3979 exercituque
1551 3900 1648 3958 deleto
1674 3912 1759 3958 trans

422 3988 517 4047 ctus),
542 3982 650 4035 ceteris
667 3997 726 4034 non
741 3978 826 4033 item!
856 3978 895 4048 (a.
910 3994 939 4031 u.
956 3995 983 4033 c.
998 3980 1076 4045 695.)
1106 3977 1288 4051 Euphratem
1308 3996 1375 4035 cnm
1388 3979 1553 4051 ignominia
1567 3989 1597 4033 et
1612 3976 1759 4033 dedecore

422 4056 459 4111 ad
481 4059 543 4112 Att.
565 4065 600 4120 2,
622 4061 675 4119 21,
698 4056 726 4111 0.
749 4083 786 4096 -
813 4050 892 4107 Reus
914 4062 979 4107 erat
998 4053 1074 4129 apud
1106 4055 1205 4128 periit.
1240 4052 1276 4107 de
1289 4053 1390 4110 Divin.
1407 4060 1435 4120 2,
1452 4060 1480 4119 9,
1497 4061 1543 4110 22.
1569 4082 1600 4094 -
1624 4052 1698 4110 Cum
1716 4051 1758 4108 Μ.

422 4131 566 4187 Crassum
583 4131 713 4187 Divitem
733 4128 848 4183 Vettius
869 4126 959 4182 index
978 4126 1014 4183 de
1035 4131 1074 4184 vi.
1107 4129 1217 4186 Crasso
1236 4129 1308 4184 mihi
1325 4129 1434 4184 multae
1453 4141 1482 4184 et
1495 4146 1619 4204 magnae
1634 4138 1760 4184 conteu-

422 4207 465 4279 (a.
487 4225 515 4260 u.
536 4225 562 4262 c.
585 4212 663 4272 695.)
702 4204 779 4262 lbid.
801 4207 855 4268 20,
878 4205 905 4260 0.
947 4201 1022 4260 lbid.
1046 4211 1073 4268 5,
1107 4207 1203 4259 tiones
1227 4204 1358 4260 fuerunt.
1397 4203 1528 4279 Philipp.
1554 4211 1588 4270 2,
1613 4209 1648 4269 5,
1674 4208 1701 4257 7.
1726 4230 1757 4241 -

421 4282 470 4346 20,
488 4288 513 4340 5.
536 4310 566 4321 -
588 4283 628 4347 Is,
646 4279 1076 4356 quocummihiomneseraut
1107 4280 1147 4336 tt.
1173 4278 1285 4335 Crasso
1317 4278 1430 4354 placuit
1458 4298 1540 4335 ureus
1573 4277 1756 4335 consulatus.

421 4357 570 4412 amicitiae
597 4355 849 4422 necessitudiues,
878 4356 925 4409 vir
944 4356 1076 4411 fortissi-
1106 4353 1182 4411 lbid.
1200 4359 1227 4418 5,
1245 4353 1432 4411 lit-Erat
1445 4355 1601 4412 surdaster
1615 4352 1655 4409 ut.
1667 4352 1759 4409 Cras-

421 4452 488 4488 inus
510 4452 526 4487 a
546 4432 581 4489 P.
605 4431 710 4489 Clodio
731 4439 776 4499 (a.
798 4450 827 4486 u.
853 4449 878 4485 c.
902 4433 1000 4496 696.),
1029 4432 1076 4485 in·
1106 4447 1175 4485 sus:
1206 4428 1258 4484 sed
1284 4429 1364 4486 aliud
1383 4431 1554 4494 molestius,
1583 4427 1663 4505 quod
1682 4426 1759 4483 male

419 4511 599 4566 fortissimus
622 4527 687 4564 esse
708 4510 781 4564 meis
805 4507 934 4562 fortunis
954 4505 1076 4579 praedi·
1106 4504 1255 4567 audiebat,
1279 4508 1367 4560 etiam
1387 4506 1424 4572 si,
1447 4517 1478 4561 ut
1500 4506 1570 4562 mibi
1591 4501 1757 4569 videbatur,

419 4583 557 4641 cabatur.
587 4604 643 4658 pro
665 4583 764 4641 Sestio
786 4590 833 4645 17.
856 4584 901 4641 59.
929 4579 1004 4636 lbid.
1027 4584 1073 4646 18,
1107 4580 1227 4636 iniuria.
1249 4577 1372 4636 Tuscul.
1385 4584 1414 4646 5,
1427 4579 1653 4647 οο,116.-Μ.
1668 4576 1760 4634 Cras-

420 4660 694 4730 ltt.-,Crassum
712 4657 840 4714 metuo.''
861 4658 1076 4722 (a.u.c.696·)
1107 4673 1157 4710 sus
1185 4676 1201 4711 a
1228 4653 1358 4711 falsariis
1384 4656 1472 4712 heres
1497 4658 1628 4731 scriptus
1652 4652 1756 4718 Basili,
1878 4660 1880 4667 '

419 4737 555 4792 adFam.
574 4740 620 4802 10,
638 4745 665 4804 2,
682 4743 709 4793 2.
736 4765 765 4775 -
792 4732 829 4788 tt.
851 4731 978 4787 Crassus
999 4750 1076 4805 pon·
1107 4731 1196 4786 alieni
1213 4729 1580 4787 facinorismunusculum
1595 4747 1760 4801 nonrepu-

417 4814 494 4868 tifex
513 4813 553 4887 (a.
573 4831 602 4866 ιι.
622 4831 648 4867 c.
672 4809 750 4883 697.)
786 4808 822 4863 de
843 4807 975 4880 Harusp.
997 4825 1075 4879 resp.
1107 4806 1209 4862 discit.
1251 4804 1287 4860 de
1308 4805 1369 4862 Off.
1392 4815 1426 4871 5.
1450 4816 1502 4870 18,
1524 4810 1570 4864 75.
1598 4836 1636 4849 -
1662 4805 1758 4861 Dares

420 4895 449 4952 6,
467 4896 512 4945 12.
535 4920 570 4933 -
593 4886 634 4943 ut.
652 4886 780 4943 Crassus
802 4882 904 4938 consul
926 4883 1076 4957 quomodo
1107 4884 1182 4938 hanc
1199 4883 1259 4936 vim
1275 4880 1315 4938 Μ.
1329 4880 1450 4946 Crasso,
1466 4892 1498 4937 ut
1512 4880 1673 4953 digitorum
1687 4899 1759 4957 per-

419 4965 540 5019 comitia
555 4963 691 5018 aedilicia
707 4959 860 5018 habuerit:
883 4976 938 5031 pro
953 4957 1076 5015 Plancio
1106 4960 1244 5014 cussione
1259 4958 1345 5014 heres
1358 4969 1462 5032 posset
1472 4959 1603 5032 scriptus
1615 4975 1691 5024 esse,
1708 4960 1757 5030 qui

419 5048 468 5104 20,
486 5044 528 5096 ’19,
543 5070 580 5081 -
595 5037 752 5110 Quomodo
763 5056 795 5092 se
806 5035 932 5111 gesserit
944 5035 973 5089 io
986 5052 1074 5090 causa
1105 5053 1138 5091 re
1152 5052 1224 5089 vera
1244 5053 1303 5089 noo
1319 5044 1397 5090 esset
1414 5033 1518 5099 heres,
1540 5035 1571 5089 iu
1588 5033 1666 5098 foro,
1686 5034 1758 5088 mibi

419 5114 584 5172 Ptolemaei
605 5113 738 5169 auletae:
761 5113 807 5187 (a.
830 5131 859 5166 u.
882 5128 908 5165 c.
930 5113 1011 5178 698.)
1037 5109 1074 5166 ad
1105 5111 1204 5176 crede,
1226 5109 1359 5166 saltaret.
1395 5109 1430 5165 de
1451 5108 1511 5165 Off.
1533 5116 1561 5175 5,
1585 5116 1629 5175 19,
1653 5113 1699 5169 76.
1725 5139 1750 5150 -

419 5190 505 5247 Fam.
532 5201 558 5253 1,
584 5199 610 5256 1,
632 5197 659 5249 5.
682 5219 719 5232 -
745 5186 872 5245 Crassus
892 5184 996 5241 aderat
1016 5186 1075 5243 flli-
1104 5186 1146 5244 Μ.
1169 5186 1296 5244 Crassus
1325 5203 1387 5241 non
1413 5185 1509 5242 solum
1535 5183 1658 5244 callidus
1679 5194 1756 5247 erat,

421 5266 485 5327 loni
506 5268 606 5326 animo
628 5283 690 5329 uon
710 5267 816 5331 arnico,
842 5295 873 5306 -
896 5262 931 5324 P.
952 5260 1074 5325 Clodius
1103 5280 1207 5327 verum
1239 5263 1328 5324 etism
1356 5273 1553 5348 praepoteus3
1585 5262 1637 5347 qni
1659 5269 1758 5321 ιιιιιιιι
