4367 6084
1031 671 1160 737 270

1818 717 1824 723 .
1902 615 2314 748 dumus
2355 701 2426 715 -
2483 665 2836 738 GETAE.

962 877 967 882 ,
1034 824 1062 873 1
1089 855 1104 879 ,
1147 817 1219 873 48
1243 854 1258 879 ,
1305 814 1436 871 125.
1485 785 1548 854 -”-
1600 809 1830 869 Consul
1881 809 1995 868 fuit
2045 827 2182 868 cum
2221 810 2334 868 Cn.
2402 806 2564 866 deris
2603 803 3008 880 connominis)
3046 816 3189 862 sunt
3215 802 3444 881 Apollo
3479 814 3541 863 et
3564 802 3711 864 Her·

948 886 957 891 “
1031 888 1319 947 Cornelio
1343 886 1602 945 Lentulo
1629 885 1925 944 Clodiano
1958 903 2014 942 a.
2038 904 2178 945 u.c.
2204 889 2338 946 682.
2401 885 2584 942 cules.
2636 855 2840 940 vssrro
2880 880 3007 940 Ru.
3050 889 3109 947 2,
3154 886 3209 949 1,
3255 888 3315 942 7.

1031 965 1212 1022 Verr.
1243 964 1528 1020 Accusat.
1553 967 1610 1027 2,
1641 966 1739 1029 59,
1769 967 1863 1021 95.
1901 990 1964 1002 -
2006 962 2080 1019 L.
2109 959 2340 1019 Gellius

2477 977 2773 1036 Geminus.
2850 974 3001 1034 Vide
3047 970 3157 1034 Cn.
3201 970 3539 1033 Suawms
3590 973 3714 1035 Ga-

1032 1057 1170 1096 cum
1202 1038 1429 1114 collega
1466 1037 1579 1097 Cn.
1603 1035 1891 1095 Cornelio
1916 1035 2180 1096 Lentulo
2201 1034 2344 1093 Clo·
2402 1070 2609 1110 mmm,

1032 1114 1214 1172 diano
1253 1119 1437 1183 (coss.
1478 1134 1530 1171 a.
1564 1132 1623 1170 ιι.
1657 1132 1711 1170 c.
1741 1111 1909 1189 682.)
1950 1113 2142 1190 legem
2179 1113 2339 1176 tulit,

926 1202 932 1207 “
1031 1209 1149 1278 qua
1203 1188 1476 1246 videmus
1527 1190 1674 1246 satis
1715 1207 1847 1246 esse
1886 1198 2200 1254 sanctum,
2257 1189 2345 1244 uti

1031 1284 1196 1323 cives
1238 1265 1494 1323 Romani
1531 1267 1655 1322 sint
1691 1265 1770 1332 ii,
1814 1282 1964 1341 quos
2007 1263 2116 1322 Cn.
2159 1264 2346 1321 Pom-

1029 1340 1203 1417 peius
1255 1342 1326 1398 de
1374 1339 1616 1399 consilii
1654 1339 1954 1397 sententia
1994 1339 2347 1416 singillatim

1029 1418 1274 1474 civitate
1316 1416 1576 1474 donarit.
1675 1433 1746 1472 ro
1773 1413 1965 1472 Balbo
2007 1424 2064 1484 8,
2096 1421 2192 1474 19.
2249 1408 2340 1470 ΙΙ).

2403 1145 2839 1285 17G22⁸⁴¹⁶⁰⁶¹
2882 1124 3132 1224 antiqui.
3214 1143 3290 1204 de
3332 1142 3483 1203 Nat.
3532 1144 3612 1202 D.
3657 1152 3712 1212 5,

2476 1314 2701 1384 Genu,
2745 1314 3019 1382 Heroes‚
3060 1313 3286 1376 Lares.
3342 1315 3551 1372 aeriae
3593 1316 3718 1373 ani-

2404 1408 2573 1461 mae;
2616 1393 2769 1449 aerii
2805 1391 2930 1450 Dii.
3012 1390 3214 1449 Varro
3253 1391 3365 1450 Fr.
3412 1409 3479 1468 p.
3521 1397 3631 1454 225
3664 1402 3720 1448 et

1031 1493 1128 1560 14,
1162 1497 1256 1552 55.
1305 1522 1368 1534 -
1412 1491 1486 1548 L.
1519 1490 1628 1549 Gel
1656 1493 1770 1558 ius,
1814 1508 2033 1547 censor
2063 1508 2201 1548 cum
2228 1489 2341 1547 Cn.
2403 1472 2537 1530 ²5²·
2617 1465 2756 1544 Bil’·

1028 1568 1291 1628 Lentulo
1332 1556 1561 1644 collega
1599 1565 1847 1624 biennio
1888 1576 2027 1641 post
2064 1565 2354 1633 consula-2

925 1691 934 1712 ,
1029 1653 1160 1701 tum
1187 1663 1242 1699 a.
1274 1662 1333 1700 ιι.
1359 1662 1413 1700 c.
1444 1644 1578 1705 684.
1622 1641 2048 1699 animadvertit
2084 1641 2150 1701 in
2191 1640 2349 1698 iudi-
2404 1653 2624 1692 munus
2662 1636 2879 1694 annale
2906 1635 3103 1694 Genio
3129 1634 3481 1695 solvebant.
3531 1636 3715 1694 Varro

2230 1733 2346 1791 pro
2400 1710 2507 1767 Fr.
2538 1729 2600 1786 p.
2630 1717 2763 1775 525.
2819 1710 2957 1789 Bip.
3008 1743 3072 1755 —
3115 1712 3351 1770 Genius
3391 1713 3577 1770 unius
3622 1731 3724 1770 eu-

1031 1738 1131 1777 ces
1197 1718 1490 1797 quosdam
1558 1717 1797 1775 consilii
1862 1716 2126 1775 Iuniani.

2482 1560 2734 1617 Genus.
2814 1559 3082 1618 Maiores
3133 1516 3360 1618 nostri*
3388 1559 3492 1618 die
3539 1561 3714 1621 natali

1033 1795 1313 1854 Cluentio
1352 1795 1462 1862 42,
1510 1799 1640 1852 119.
1685 1818 1759 1834 -
1812 1792 2043 1850 Gellius
2085 1805 2144 1850 et
2182 1791 2348 1848 Len-
2405 1788 2617 1863 iusque
2671 1789 2908 1844 animus
2950 1789 3291 1846 rationalis.
3373 1787 3584 1846 Varro
3620 1788 3715 1846 Fr.

1030 1871 1193 1929 tulus
1257 1887 1543 1927 censores
1608 1868 1677 1927 C.
1734 1866 2068 1925 Antonium
2133 1876 2347 1924 senatu
2403 1881 2461 1938 p·
2501 1866 2633 1922 225.
2707 1861 2846 1939 Bip.

1031 1955 1373 2003 moverunt.
1431 1948 1658 2003 Ascon.
1695 1943 1759 2000 in
1786 1953 1910 2019 tog.
1938 1942 2116 2000 caud.
2152 1962 2215 2018 p.
2248 1941 2343 2003 84.

2478 1954 2551 2012 L.
2584 1956 2956 2021 Gunucruus
2982 1955 3245 2024 Curvus,
3281 1960 3634 2035 negotiator
3658 1958 3714 2015 iu

1033 2049 1107 2063 —
1146 2020 1216 2077 L.
1259 2019 1525 2086 Gellius,
1571 2021 1708 2096 quia
1749 2037 1921 2075 suam
1962 2019 2217 2107 clamen}
2256 2026 2348 2073 at·
2404 2029 2816 2108 Hellesponto,
2843 2033 3301 2091 commendatur
3322 2034 3615 2092 Thermo.
3646 2033 3715 2091 ad

1030 2105 1325 2156 tentatam
1384 2114 1606 2172 magno
1681 2113 1823 2152 cum
1899 2112 2007 2152 suo
2078 2093 2347 2180 periculo
2403 2106 2569 2163 pm„
2612 2112 2706 2176 15,
2746 2113 2842 2177 55,
2887 2119 2943 2166 1,

1030 2191 1224 2249 paene
1278 2171 1502 2237 sensit,
1563 2170 1717 2228 dixit
1773 2171 1838 2225 in
1896 2172 2216 2302 consone:
2279 2166 2347 2225 Si

1033 2267 1146 2324 ego
1186 2246 1400 2304 consul
1435 2264 1573 2302 cum
1601 2247 1708 2313 fui,
1749 2263 1873 2302 non
1902 2247 1989 2303 fui

2479 2200 2563 2258 Μ.
2591 2201 2896 2259 Gan-uetus
2922 2201 3297 2272 Aucuauws,
3340 2203 3561 2261 consul
3586 2221 3714 2261 cum

2056 2264 2172 2312 0¹¹¹*
2218 2262 2348 2301 “¹¹¹
2405 2276 2474 2334 C.
2512 2275 2722 2334 Curtio
2757 2276 3004 2335 Philone
3045 2295 3101 2334 a.
3136 2296 3197 2335 ιι.
3229 2296 3288 2336 c.
3330 2282 3468 2340 508.
3524 2279 3713 2338 Varro

1031 2322 1335 2456 publicam
1382 2322 1651 2380 funditus
1705 2323 2082 2378 interituram
2134 2320 2341 2378 fuisse.
2404 2352 2530 2409 LL.
2577 2359 2633 2420 5,
2677 2357 2773 2412 52.
2815 2371 2877 2428 P·
2922 2360 3053 2413 ¹50·

1085 2409 1183 2456 ost
1207 2397 1337 2456 red.
1369 2397 1443 2453 ad
1473 2397 1647 2470 Quir.
1679 2403 1735 2465 7,
1771 2405 1862 2456 17..
1908 2395 2014 2453 ubi
2053 2398 2164 2454 cfr.
2197 2396 2349 2452 Fer-

1033 2475 1258 2532 ratium
1295 2483 1356 2529 et
1395 2471 1703 2531 Wolfium.
1773 2472 2017 2539 (Florus
2055 2478 2125 2540 5,
2173 2478 2243 2537 6,
2293 2475 2346 2529 8.

2481 2446 2814 2505 Gramaws
2878 2466 2912 2502 a
2976 2448 3282 2523 germanis
3345 2447 3607 2506 Romulo
3659 2457 3714 2505 et

1034 2551 1268 2618 Galim,
1308 2550 1539 2623 legam,
1578 2549 1852 2623 Pompeii
1890 2548 1972 2622 (a.
2003 2567 2065 2606 u·
2096 2567 2152 2605 c·
2181 2546 2347 2621 339.)
2404 2523 2593 2581 Remo
2611 2522 2768 2598 quod
2789 2521 2863 2580 ad
2882 2521 3064 2580 licum
3084 2524 3447 2581 ruminalem
3467 2524 3710 2592 inventi,

1034 2627 1223 2681 Tusco
1243 2633 1392 2678 mar,-
1405 2631 1717 2696 impositus.
1749 2622 1897 2694 „Hic
1915 2625 1987 2680 L,
2015 2623 2350 2680 Gemma,
2404 2618 2523 2674 quo
2545 2617 2716 2685 ‘aqua
2756 2597 3029 2655 imberna
3058 2598 3303 2687 Tiberis
3344 2618 3451 2656 eos
3496 2600 3715 2657 detule-

979 2754 983 2761 .
1034 2701 1209 2759 detur
1229 2701 1406 2766 idem,
1441 2701 1543 2776 qui
1560 2699 1917 2757 Ciceronem
1952 2698 2030 2755 ob
2051 2697 2346 2774 Catilinae
2404 2683 2502 2730 rat
2538 2693 2600 2730 ¹¹¹
2643 2673 2875 2731 ⁸¹V0⁰l⁰
2929 2686 3262 2750 ‘¹P⁰⁸¹²⁰⁸·
3345 2674 3552 2732 V⁸¹⁸P0
3590 2674 3710 2733 LL-

1034 2778 1515 2835 coniurationem
1553 2777 1849 2833 detectam
1891 2776 2085 2832 civica
2118 2792 2347 2831 corona
2404 2753 2470 2818 5⁹
2516 2757 2571 2811 ⁸·

2629 2767 2689 2824 p.
2733 2753 2828 2809 60.
2889 2747 2995 2807 ubi
3050 2749 3152 2806 alii
3204 2747 3429 2807 habent
3492 2753 3712 2806 Cerma-

1034 2854 1382 2911 donandum
1422 2850 1806 2909 censuerat.”
1863 2850 2018 2908 Gell.
2058 2850 2137 2906 N.
2167 2853 2247 2906 A.
2283 2855 2341 2918 5,
2402 2827 2512 2880 ‘'³⁸-
2564 2854 2627 2866 ““·
2691 2824 2938 2883 Μῦθῦῑδ
2991 2824 3239 2894 domus,
3305 2843 3463 2903 ‘1⁰⁸²
3513 2837 3607 2884 est
3655 2828 3713 2882 in

1034 2937 1092 2990 6.
1151 2929 1395 2999 Wotr.)
1437 2957 1511 2972 ·-
1548 2927 1622 2985 L.
1650 2927 1878 2985 Gellius
1919 2928 2064 2984 mihi
2090 2915 2345 2983 civi‘cam
2403 2899 2706 2958 Germalffi
2762 2901 2839 2958 “d
2877 2902 3018 2957 ΑΨ·
3046 2903 3106 2968 4,
3149 2907 3208 2968 3·
3250 2908 3304 2963 5·
3351 2932 3417 2945 -
3461 2911 3709 2981 Κερμα-

908 3072 911 3077 ,
1034 3023 1325 3062 coronam
1389 3000 1596 3060 deberi
1655 3022 1688 3059 a
1745 3021 1813 3058 re
1873 2999 2109 3077 publica
2169 3000 2342 3059 dixit.

1032 3081 1097 3136 in
1124 3081 1331 3137 Pison.
1377 3084 1434 3146 5,
1472 3086 1529 3139 6.
1577 3111 1640 3122 -
1688 3077 1918 3135 Gellius
1958 3078 2032 3133 de
2072 3076 2345 3134 animad-

1033 3157 1316 3212 versione
1355 3157 1421 3212 in
1451 3154 1839 3212 Catilinarios
1871 3152 2028 3210 dixit
2057 3164 2198 3223 ante
2226 3151 2347 3209 Ca-

1031 3243 1258 3289 tonem.
1341 3230 1417 3288 ad
1456 3231 1582 3288 Att.
1622 3239 1717 3298 12,
1759 3238 1854 3297 21,
1900 3237 1952 3285 1.

1111 3345 1380 3402 Gentius
1406 3385 1422 3410 ‚
1489 3359 1671 3419 eques
1736 3342 2042 3399 Romanus
2069 3384 2084 3406 ,
2154 3342 2346 3399 frater

1031 3419 1456 3497 praecedentis
1495 3417 1570 3475 L.
1603 3417 1784 3475 Gellii
1810 3417 2151 3493 Poplicolae
2193 3417 2345 3491 (cos.

1033 3515 1090 3552 a.
1138 3515 1196 3552 u.
1242 3513 1298 3551 c.
1340 3498 1556 3564 682.),
1620 3494 1940 3570 privignus
1999 3492 2072 3549 L.
2130 3493 2346 3550 Marcii

1036 3571 1301 3646 Philippi
1341 3575 1488 3640 (cos.
1515 3590 1571 3625 a.
1603 3587 1662 3625 u.
1694 3587 1749 3625 c.
1781 3573 1947 3636 665.)
1985 3569 2166 3625 homo
2206 3587 2348 3643 per-

1036 3646 1193 3704 ditus
1234 3665 1304 3704 ac
1344 3646 1691 3703 luxuriosus
1729 3646 2142 3701 testimouium
2181 3645 2243 3700 in
2274 3645 2342 3701 P.

1037 3721 1302 3779 Sestium
1329 3719 1500 3778 dixit.
1538 3739 1654 3797 pro
1684 3717 1884 3777 Sestio
1909 3724 2004 3784 51,
2033 3729 2158 3778 110.
2180 3738 2345 3796 seqq.

1036 3827 1110 3841 —
1148 3796 1454 3872 (Fratrem
1491 3799 1796 3853 uterinum
1838 3796 1906 3852 L.
1946 3795 2164 3853 Marcii
2203 3795 2349 3852 Phi-

1035 3873 1186 3949 lippi
1241 3885 1421 3930 vocat
1481 3871 1689 3929 Schol.
1755 3869 1908 3928 Bob.
1970 3889 2084 3947 pro
2146 3870 2346 3929 Sestio

1035 3969 1097 4025 p.
1128 3947 1288 4023 504.)
1314 3975 1386 3992 --
1424 3947 1654 4005 Gellius
1695 3947 1994 4004 nutricula
2034 3947 2349 4004 seditioso-

1034 4040 1172 4080 rum
1223 4023 1510 4080 omnium.
1591 4025 1654 4080 in
1695 4023 2006 4080 Vatinium
2058 4031 2124 4086 2,
2169 4025 2230 4081 4.
2276 4054 2345 4068 -

1036 4100 1290 4167 Gellius,
1318 4099 1390 4156 de
1414 4101 1617 4176 operis
1633 4099 1964 4158 Clodianis.
1997 4097 2070 4155 de
2085 4097 2348 4174 Harusp.

1034 4194 1200 4252 resp.
1234 4183 1326 4242 27,
1355 4179 1449 4235 59.
1494 4206 1553 4218 -
1601 4174 1671 4231 Ρ.
1719 4175 1962 4233 Clodius
2003 4174 2273 4231 desertus
2314 4194 2348 4231 a

1005 4254 1160 4330 ‚suis
1213 4253 1318 4307 vix
1368 4252 1486 4308 iam
1538 4251 1850 4309 Decimum
1893 4249 2347 4320 (Decimiumi')

1036 4330 1504 4404 designatorem,
1547 4330 1653 4385 vix
1681 4327 1937 4384 Gellimu
1964 4328 2208 4383 retinet.
2274 4324 2347 4382 ad

1031 4407 1160 4464 Ait.
1200 4408 1270 4472 4,
1314 4410 1384 4471 5,
1423 4411 1480 4461 2.
1537 4433 1600 4444 -
1658 4401 2072 4461 Contumeliae
2109 4405 2173 4459 in
2216 4421 2349 4458 eum

1034 4484 1250 4617 iiactpe.
1333 4486 1414 4548 (a.
1459 4497 1521 4539 u.
1563 4497 1619 4535 c.
1667 4477 1822 4552 697.)
1901 4479 1975 4536 ad
2017 4478 2092 4551 Q.
2135 4477 2240 4534 Fr.
2287 4487 2343 4545 2,

1093 4599 1109 4626 ,
1196 4595 1210 4612 .

1110 4669 1184 4728 L.
1216 4669 1508 4736 Ganos,
1555 4665 1949 4735 Seaovianus,
1993 4677 2056 4724 ut
2084 4667 2343 4725 videtur.

1035 4745 1126 4803 Eo
1186 4748 1518 4821 interprete
1578 4717 1673 4800 ad²
1707 4744 2001 4819 Lepidum
2059 4753 2151 4800 est
2202 4761 2347 4800 usus

1036 4821 1297 4878 Plancus
1353 4839 1405 4876 a.
1439 4839 1499 4877 ιι.
1536 4838 1591 4876 c.
1624 4827 1752 4880 711.
1812 4819 1886 4875 ad
1912 4819 2078 4875 Fam.
2118 4830 2211 4887 10,
2252 4824 2345 4887 17,

1037 4900 1095 4956 5.
1118 4939 1135 4967 ,
1182 4895 1290 4955 ubi
1327 4896 1572 4954 consule
1612 4897 2092 4952 Anuotationem
2131 4912 2344 4951 meam.

1115 5008 1320 5079 Genu,
1364 5021 1663 5085 tyrannus
1704 5006 2154 5082 Syracusanus,
2194 5007 2346 5064 salsa

1038 5081 1216 5141 lectio
1237 5105 1386 5160 pro:
1417 5086 1636 5143 Ηιειιο.
1679 5083 1750 5141 de
1772 5083 1911 5140 Nat.
1935 5083 2010 5139 D.
2043 5087 2099 5151 5,
2127 5086 2225 5151 54,
2256 5090 2346 5145 85-

1117 5195 1379 5264 Gaium,
1438 5197 1625 5255 sidus.
1705 5198 1880 5253 Arat.
1924 5214 1983 5259 v,
2032 5199 2160 5254 151.
2208 5197 2341 5255 499.

2403 2975 2512 3035 νόν
2549 2980 2591 3051 ἦ
2630 2977 2951 3053 Γερμανόν
2992 2976 3136 3032 dicit
3162 2976 3712 3065 Plutarch-inulto·-

2401 3051 2562 3107 mulo
2616 3069 2671 3108 c.
2726 3055 2783 3111 5.
2840 3053 2954 3110 cfr.
3008 3052 3253 3110 Goeller
3304 3052 3382 3109 ad
3423 3052 3587 3110 Livu
3622 3057 3707 3115 55.

2402 3146 2460 3202 p.
2500 3130 2631 3186 114.

2478 3221 2785 3277 Granum.
2865 3220 3059 3278 Rheni
3115 3222 3311 3288 fossa,
3375 3221 3705 3299 gurgitibus

2404 3296 2520 3353 illis
2572 3294 2953 3364 redundans,
3011 3297 3459 3356 Germanorum
3506 3305 3710 3356 imma·-

2403 3374 2669 3429 nissimis
2726 3370 3005 3448 gentibus
3058 3373 3314 3440 obiecta,-
3393 3379 3459 3432 in
3509 3375 3709 3434 Pisou-

2404 3456 2512 3516 55,
2555 3456 2649 3509 81.
2692 3478 2770 3493 -—
2819 3447 3127 3520 Quaedam
3164 3448 3415 3508 foedera
3453 3459 3708 3517 exstant,

2404 3535 2471 3580 ut
2509 3523 2995 3593 Germanorum,
3047 3523 3433 3594 Insubrium,
3492 3526 3713 3584 Helve-

2406 3601 2661 3665 tiorum,
2700 3599 3026 3676 Iapydum‚
3088 3601 3526 3659 nonnullorum
3578 3604 3713 3659 item

2404 3693 2479 3731 ex
2509 3676 2705 3735 Gallia
2744 3673 3168 3746 barbarorum,
3212 3695 3474 3753 quorum
3504 3681 3568 3735 in
3596 3678 3716 3735 foe-

2406 3750 2651 3809 deribus
2696 3763 3011 3826 exceptum
3051 3763 3174 3819 est,
3217 3770 3295 3808 ne
3335 3756 3474 3830 quis
3515 3771 3714 3810 eorum

2405 3847 2438 3882 a
2495 3826 2672 3885 nobis
2727 3831 2877 3884 civis
2927 3830 3281 3903 recipiatur.
3364 3848 3482 3905 pro
3524 3829 3718 3887 Balbo.

2407 3905 2513 3970 14,
2558 3907 2651 3964 52.
2700 3933 2763 3945 -
2824 3902 2977 3960 Cum
3015 3906 3330 3961 acerrimis
3373 3905 3712 3962 nationibus

2405 3987 2465 4034 et
2501 3980 2778 4035 maximis
2818 3978 3265 4036 Germanorum
3305 3991 3367 4036 et
3405 3979 3713 4038 Helvetio-

2405 4073 2538 4110 rum
2567 4054 2634 4112 C.
2669 4054 2893 4112 Caesar
2922 4055 3173 4131 proeliis
3201 4055 3550 4114 felicissime
3576 4076 3715 4114 con·

2404 4132 2681 4187 certavit.
2734 4129 2807 4188 de
2832 4149 3007 4206 prov.
3039 4150 3162 4188 cos.
3196 4136 3291 4200 15,
3317 4137 3417 4192 55.
3457 4163 3527 4177 -
3571 4131 3712 4190 Bal-

2407 4205 2515 4263 bus
2555 4206 2787 4263 litteras
2827 4204 3119 4273 habebat,
3169 4206 3510 4265 Germanos
3548 4209 3710 4265 illas-

2406 4300 2518 4359 que
2560 4285 2833 4340 nationes
2873 4301 2940 4341 re
2982 4282 3184 4340 audita
3225 4282 3297 4340 de
3326 4283 3589 4342 Caesare
3626 4285 3713 4340 le·-

2405 4369 2576 4435 gatos
2630 4359 2865 4414 misisse
2921 4357 2996 4414 ad
3050 4358 3401 4426 Aurelium,
3463 4359 3568 4438 qui
3621 4370 3712 4416 est

2404 4436 2787 4509 praepositus
2829 4433 2903 4490 ab
2944 4433 3166 4503 Hirtio,
3210 4454 3275 4493 se
3316 4437 3479 4514 quod
3516 4437 3713 4510 impe-

2406 4520 2599 4567 ratum
2640 4518 2799 4565 esset
2825 4529 2956 4567 esse
2982 4511 3275 4569 facturos.
3335 4530 3478 4570 a.-u.
3502 4529 3557 4567 c.
3583 4518 3711 4571 710.

2406 4585 2482 4641 ad
2522 4586 2646 4642 Att.
2691 4589 2783 4653 14,
2829 4592 2887 4654 9,
2936 4594 2992 4648 5.

2481 4678 2753 4746 Gauron,
2780 4680 3124 4754 Geryonus,
3150 4680 3490 4756 Geryones.
3517 4683 3716 4742 Varro

2406 4755 2530 4812 LL.
2575 4758 2634 4824 9,
2678 4761 2770 4816 51.
2816 4775 2876 4832 p.
2923 4760 3054 4818 524.
3129 4806 3140 4813 .

2480 4861 2550 4919 C.
2595 4860 2793 4918 Gema.
2876 4861 3028 4919 Vide
3080 4861 3151 4920 C.
3195 4861 3475 4920 Licmms
3521 4862 3715 4921 Gna,

2478 4964 2730 5031 Geras,
2791 4964 3003 5040 populi
3050 4965 3351 5023 Thraciae
3390 4967 3578 5025 Dacis
3626 4966 3717 5023 vi·

2404 5042 2642 5099 cini.—
2669 5040 2957 5098 Getarum
2999 5043 3211 5117 copiae
3251 5043 3328 5100 ad
3367 5043 3515 5100 Pom
3599 5043 3717 5098 ium

2403 5117 2716 5175 adductae.
2771 5116 2852 5174 ad
2884 5120 3012 5172 Att.
3053 5123 3108 5183 9,
3149 5124 3243 5184 10,
3287 5126 3343 5182 5.
3388 5149 3464 5164 -
3590 5118 3713 5174 Lu-

2401 5193 2558 5249 cullo
2609 5210 2678 5248 su
2727 5193 2899 5249 erati.
2991 5189 3116 5250 Sal.
3158 5192 3320 5254 Hist.
3360 5193 3417 5253 4.
3468 5213 3533 5271 p.
3576 5197 3705 5254 229.

1040 5270 1113 5331 de
1137 5270 1277 5332 Nat.
1304 5271 1383 5331 D.
1427 5279 1484 5343 2,
1525 5276 1623 5348 45,
1664 5278 1797 5336 110.
1844 5302 1909 5318 -
1953 5271 2195 5331 Gemini
2231 5270 2371 5350 (si-⁷
2398 5268 2512 5328 Ed.
2556 5267 2679 5328 Ger
2710 5270 2837 5326 ach.
2874 5268 3025 5327 min.
