4367 6084
837 641 963 707 zss
1494 582 1501 587 ’
1634 580 2041 702 nivium
2081 669 2162 681 -
2205 584 2700 702 monum.

2272 735 2433 844 Leo,
2539 773 2793 831 adiator.
2845 791 2960 850 pro
2987 772 3192 832 Sestio
3232 777 3327 846 64,
3367 778 3503 837 155.

2201 850 2444 910 Scholia
2475 793 2804 908 {obiensia
2848 868 2962 925 pro
3001 849 3204 908 Sestio
3242 869 3306 927 p.
3351 857 3491 914 509.

2273 952 2401 1011 Lso
2440 953 2747 1023 caelestis,
2791 951 2978 1011 sidus.
3048 953 3225 1011 Arat.
3270 973 3331 1010 v.
3371 956 3512 1014 461.

845 1026 910 1082 in
941 1023 1118 1081 Latio
1151 1023 1358 1096 stirpis
1396 1020 1736 1078 Romanam
1777 1039 1915 1076 nam
1941 1018 2029 1078 ibi
2061 1020 2144 1076 dii
2202 1036 2333 1089 509,
2390 1056 2463 1073 -
2518 1029 2590 1084 ln
2649 1048 2720 1086 eo
2774 1027 2901 1085 dies
2956 1029 3190 1105 primus
3249 1041 3346 1088 est
3397 1047 3520 1086 ,u-

844 1099 1100 1157 Penates
1161 1096 1377 1154 nostri.
1471 1095 1671 1153 Varro
1726 1093 1853 1152 LL.
1914 1100 1984 1165 5,
2045 1099 2139 1155 52.
2203 1107 2414 1162 tumui,
2470 1103 2671 1162 Van-0
2710 1103 2833 1162 ΒΗ.
2876 1115 2941 1172 1,
2985 1111 3095 1170 28,
3138 1112 3194 1163 1,
3263 1105 3400 1164 οἷς.
3443 1105 3518 1163 Δ.

842 1194 904 1250 Ρ.
947 1177 1080 1233 146.
1121 1203 1196 1217 -
1245 1171 1488 1229 Lavinii
1524 1189 1679 1230 unus
1720 1169 1945 1228 Libero
1984 1163 2146 1227 totns
2203 1180 2342 1236 Nat.
2383 1181 2459 1237 D.
2500 1187 2557 1249 2,
2601 1184 2698 1249 45,
2741 1188 2869 1241 110.
2948 1179 3100 1237 Ibid.
3138 1186 3199 1250 5,
3243 1185 3344 1252 16,
3383 1181 3482 1241 40.

843 1251 1068 1306 mensis
1100 1245 1499 1305 tribuebatur.
1556 1246 1763 1304 Varro*
1781 1246 1886 1303 Fr.
1920 1265 1982 1321 p.
2010 1251 2142 1304 225.
2278 1278 2661 1341 meomom-
2728 1282 2802 1340 de
2839 1282 2977 1340 Nat·
3019 1284 3098 1342 D·
3146 1292 3220 1354 δ’
3270 1289 3381 1354 19,
3426 1291 3525 1347 50.

842 1322 985 1399 Bip.
1034 1353 1097 1365 -
1155 1323 1399 1380 Lavinii
1439 1323 1633 1379 troiae
1672 1321 1747 1380 ab
1787 1323 1996 1379 Aenea
2034 1322 2150 1377 im·
2207 1357 2357 1417 vide
2396 1358 2683 1416 Lam„-

842 1401 1098 1457 molatae
1141 1399 1319 1455 etiam
1355 1416 1516 1454 nunc
1558 1397 1810 1473 vestigia
1856 1407 2149 1472 apparent

845 1484 962 1533 cet.
1008 1473 1206 1534 Varro
1226 1473 1350 1531 BR.
1373 1481 1427 1540 2,
1446 1476 1505 1540 4,
1534 1482 1623 1536 18.
1644 1504 1707 1515 -
1725 1472 1837 1530 Cn.
1853 1472 2148 1529 Domitius
2207 1450 2720 1605 ᾶεῆξὲἓῑεὲζῗζί
2753 1451 3113 1597 ἒῖῗδξὲὓω
3138 1466 3523 1532 corruptum·

846 1548 1289 1609 Ahenobarbus
1327 1566 1451 1606 cos.
1495 1568 1546 1604 a.
1573 1566 1632 1605 u.
1665 1551 1874 1607 c.'658.
1912 1548 2173 1605 crimini,

847 1625 1029 1684 dabat
1052 1625 1137 1683 M.
1166 1624 1425 1682 Aemilio
1462 1622 1717 1710 Scauro,
1752 1625 2020 1698 principi
2052 1642 2173 1709 ειε-οἳ
2257 1619 2578 1708 ,Ειοιυιεε
2620 1641 2826 1680 earmn
2863 1634 2953 1680 est
2984 1620 3301 1683 delubrum
3327 1623 3525 1681 Athe-

847 1713 1023 1761 natus
1047 1743 1063 1771 ,
1124 1718 1299 1785 sacra
1350 1698 1591 1775 publica
1685 1699 1851 1786 opuli
1901 1698 2149 1755 Romani
2209 1715 2326 1765 ms,
2369 1697 2914 1786 quod3Lleocorion
2954 1701 3307 1759 nominatur
3346 1699 3420 1775 (i.
3466 1717 3523 1757 e.

847 1776 1025 1834 deum
1060 1773 1408 1864 Penatium,
1451 1793 1602 1905 quae
1628 1718 1868 1907 l'zavipii
1909 1771 2147 1906 fieti-ient,
2207 1773 2411 1829 fanum
2446 1772 2824 1843 Praxitheae,
2866 1773 3171 1849 Theopae,
3213 1772 3518 1842 Eubulae,

848 1870 1034 1928 opera
1072 1869 1198 1908 eius
1238 1869 1434 1907 minus
1471 1868 1576 1907 rec
1605 1868 1636 1907 e
1675 1868 1776 1907 cas
1807 1867 1837 1906 e
1883 1867 1954 1906 ue
2037 1867 2145 1906 eri.

845 1928 1078 1985 Ascon.
1106 1929 1168 1983 in
1197 1924 1412 1983 Scaur.
1442 1944 1500 2001 p.
1529 1931 1624 1984 21.
1682 1925 1808 1983 cfr.
1864 1927 2146 2000 nscriptt.

847 2020 1012 2059 meas
1050 2000 1298 2058 Latinas
1333 2000 1410 2057 N.
1452 2006 1624 2060 2275.

921 2095 1193 2163 Lusus,
1227 2097 1519 2151 meretrix
1543 2095 1768 2161 Attica,
1797 2093 2146 2151 fortissima.

765 2228 770 2233 ,
845 2171 1150 2246 Fragmm.
1192 2169 1333 2228 libr.
1376 2169 1450 2227 de
1489 2170 1681 2245 gloria
1719 2188 1781 2245 p.
1822 2171 1956 2232 488.

835 2284 845 2293 ·
916 2264 1222 2332 Lenanu,
1269 2263 1554 2396 oppidum
1591 2263 1877 2322 Boeotiae
1915 2260 2148 2320 celebre

889 2351 1099 2416 ropter
1142 2340 1322 2428 Trop·
1355 2340 1480 2397 onii
1529 2349 1772 2397 antrum
1819 2348 1881 2397 et
1930 2356 2149 2425 oracu-

842 2415 1145 2560 2iginffide
1182 2415 1388 2472 Divin.
1438 2423 1509 2484 1,
1548 2421 1657 2483 54,
1705 2417 1798 2476 74.
1876 2411 2031 2471 Ibid.
2075 2421 2146 2482 2,

919 2583 1007 2643 Μ.
1034 2583 1239 2642 Lacca
1269 2582 1418 2641 salsa
1451 2583 1632 2642 lectio
1662 2601 1778 2659 pro
1804 2582 1890 2643 Μ.
1921 2583 2146 2641 Lacca.

844 2658 999 2719 Vide
1040 2659 1125 2717 Μ.
1169 2660 1437 2718 Poncmm
1464 2659 1697 2717 Luca·

918 2752 1115 2812 Lena.
1184 2754 1235 2811 E
1281 2754 1424 2811 Iove
1472 2755 1652 2812 tertio
1704 2765 1763 2811 et
1803 2752 1969 2811 Leda
2022 2754 2148 2810 nati

843 2831 1096 2888 secundi
1134 2830 1252 2888 duo
1291 2830 1597 2897 Dioscuri,
1651 2828 1868 2887 Castor
1907 2840 1967 2886 et
2006 2828 2150 2886 Pol-

842 2904 969 2963 lux.
1045 2905 1118 2962 de
1158 2905 1296 2963 Nat.
1340 2905 1417 2962 D.
1463 2914 1519 2974 5,
1562 2910 1656 2974 21,
1701 2911 1794 2966 55.

918 2998 1105 3057 ans
1144 3008 1203 3055 et
1240 2999 1486 3056 Lamus.
1547 2998 1623 3055 ad
1662 2999 1787 3055 Att.
1829 3003 1899 3069 5,
1939 3004 2042 3069 20,
2088 3002 2144 3056 8.

842 3076 991 3133 falsa
1030 3076 1209 3131 lectio
1249 3094 1361 3150 pro
1401 3075 1694 3132 Latmus.

915 3168 1167 3225 Lemnos
1212 3168 1408 3225 insula
1445 3168 1677 3226 Graeca
1731 3169 1794 3225 in
1835 3169 1988 3225 mari
2025 3169 2150 3225 Ae-

844 3262 1016 3320 gaeo,
1059 3243 1160 3302 ubi
1188 3243 1548 3300 Philoctetes
1581 3244 1846 3301 relictus.
1900 3244 1974 3300 de
1999 3243 2150 3300 Fato

847 3326 943 3386 16,
985 3323 1079 3378 56.
1152 3317 1299 3375 Her.
1339 3321 1413 3384 4,
1453 3321 1560 3385 54,
1599 3326 1693 3381 68.
1741 3348 1804 3360 -
1849 3319 2151 3376 Volcanus

842 3395 1059 3449 tertius
1096 3393 1311 3451 Lemni
1353 3391 1616 3451 fabricae
1661 3394 1923 3452 traditur
1969 3412 2185 3469 prae-2

842 3469 1055 3526 fuisse.
1123 3469 1195 3526 de
1221 3468 1361 3526 Nat.
1392 3468 1470 3525 D.
1515 3474 1572 3531 5.
1615 3476 1710 3537 22,
1752 3474 1844 3528 55.
1890 3498 1951 3509 —-
1995 3468 2184 3526 Pro-.

845 3544 1064 3601 methei
1111 3545 1337 3601 furtum
1383 3543 1717 3600 Lemnium.
1796 3543 2044 3601 Tuscul.
2088 3549 2146 3612 2,

846 3625 941 3686 10,
989 3625 1084 3680 25.
1134 3649 1194 3660 -
1237 3620 1329 3677 De
1363 3617 1792 3693 mysteriisibi
1833 3618 2150 3676 celebratis

845 3711 1061 3751 versus
1100 3693 1296 3752 Accii.
1368 3694 1441 3751 de
1478 3694 1617 3751 Nat.
1656 3694 1733 3751 D.
1778 3698 1834 3762 1,
1877 3695 1974 3763 42,
2018 3701 2149 3754 119.

852 3797 915 3809 -
973 3769 1290 3826 Lemnium
1349 3788 1561 3826 saxum
1612 3769 2002 3827 Philoctetae.
2081 3771 2152 3825 de

847 3842 1028 3902 Finn.
1085 3852 1155 3913 2,
1210 3848 1316 3913 29,
1375 3846 1473 3904 94.
1515 3869 1588 3885 -
1637 3845 1889 3903 Lemnia
1945 3845 2152 3902 littora

848 3920 1009 3995 apud
1034 3920 1307 3977 Accium.
1336 3921 1561 3978 ‘Varro
1588 3919 1714 3977 LL.
1749 3930 1805 3989 7,
1834 3930 1891 3979 2.
1924 3940 1985 3997 Ρ.
2017 3923 2149 3985 294.

922 4013 1215 4071 Lamonu
1243 4011 1460 4072 tribus.
1517 4034 1629 4092 pro
1654 4013 1906 4074 Plancio
1936 4021 2028 4086 16,
2058 4018 2152 4077 58.

848 4088 1112 4165 Philipp.
1157 4097 1215 4158 9,
1259 4099 1314 4158 7,
1360 4094 1452 4150 15.

926 4184 1176 4241 Lamus.
1218 4182 1372 4241 Vide
1398 4182 1688 4242 Lamnus.
1726 4183 1951 4243 Lenius
1975 4185 2156 4244 Pom-

852 4262 1105 4336 peianus
1133 4278 1189 4316 a.
1211 4278 1274 4316 u.
1299 4278 1354 4317 c.
1380 4266 1512 4321 709.
1541 4273 1912 4318 memoratur
1937 4280 1971 4316 a
1994 4259 2159 4318 Scri-

849 4345 1028 4469 ptore
1053 4333 1209 4393 Belli
1233 4335 1487 4412 Hispan.
1528 4344 1647 4406 55„
1685 4334 1791 4395 ubi
1819 4337 1963 4393 item
1999 4337 2157 4393 scri-

897 4409 1119 4469 endum
1153 4411 1417 4467 Laenius.
1620 4414 1625 4421 “

929 4505 1304 4575 Lam-mma,
1353 4474 1620 4580 plebeius
1652 4505 1734 4564 de
1771 4505 1973 4582 operis
2016 4505 2157 4563 Clo-

858 4579 1078 4638 dianis.
1142 4581 1265 4638 Pro
1307 4580 1484 4639 domo
1524 4585 1619 4648 55,
1664 4589 1758 4644 89.
1793 4612 1856 4623 -
1899 4581 2159 4639 Percus-

855 4659 935 4715 sit
971 4657 1044 4715 P.
1087 4655 1372 4715 Sestium.
1451 4676 1567 4734 pro
1608 4656 1809 4716 Sestio
1847 4664 1942 4726 57,
1987 4666 2082 4720 8ο.

928 4750 1144 4809 anro
1187 4751 1595 4820 Catsnuums,
1636 4751 1864 4829 collega
1902 4751 1987 4809 M.
2027 4753 2158 4809 An-

853 4829 1003 4883 tonii
1045 4829 1107 4885 in
1144 4830 1610 4904 septemviram,
1659 4828 1866 4885 Italiae
1905 4827 2154 4885 divisor.

853 4899 1115 4988 Philipp.
1159 4911 1265 4971 11,
1311 4907 1383 4971 6,
1429 4908 1520 4963 15.
1580 4932 1654 4947 -
1703 4902 1850 4960 Eius
1896 4913 2158 4978 septem-

851 4977 1063 5034 viralis
1100 4981 1447 5036 auctoritas.
1517 4978 1777 5055 Philipp.
1820 4984 1916 5046 12,
1958 4983 2017 5048 9,
2057 4983 2152 5038 25.

849 5044 1112 5129 Philipp.
1159 5058 1255 5124 15,
1301 5062 1355 5124 2,
1397 5061 1455 5113 2.
1533 5051 1687 5111 Ibid.
1729 5060 1820 5123 12,
1863 5060 1959 5113 26.

843 5142 1224 5277 eruginem.
1302 5146 1455 5206 Vide
1509 5149 1576 5248 in
1628 5147 1951 5208 Consum
1992 5147 2156 5208 Lau-

917 780 1220 847 Lavmu,
1253 776 1457 835 Latini
1493 773 1651 845 filia,
1693 794 1844 853 quae
1886 776 2140 834 coniun-

843 866 940 915 cta
967 858 1226 913 Aeneae.
1282 853 1481 911 Varro
1521 850 1647 909 LL.
1683 855 1743 921 5,
1784 856 1880 912 52.
1920 871 1980 927 Ρ.
2007 852 2137 911 146.

919 949 1229 1005 Lamum
1251 944 1536 1021 oppidum
1557 947 1818 1022 primum
1837 944 2142 1002 conditum

2206 1849 2768 2011 Ξὲξῖὦιέῗὲὲξὲ
2815 1850 3258 1982 ,ἓξὲῗέῖὲἰΐιῑ
3279 1859 3522 1983 ¹3:53:

2183 1998 2399 2067 lavit).
2456 1999 2529 2057 de
2549 1999 2689 2058 Nat.
2712 2001 2791 2058 D.
2825 2004 2884 2067 5,
2914 2003 3005 2068 19,
3037 2004 3132 2060 50.
3187 1999 3344 2058 Vide
3374 1998 3521 2058 Sui-

2207 2073 2825 2219 &mlin1-l215w2xssquy’
2854 2087 2913 2132 et
2939 2078 3000 2133 iu
3026 2076 3244 2152 primis
3272 2075 3519 2134 Aelian-

2279 2242 2447 2301 Lnou
2472 2243 2937 2313 Imacharensis,
2961 2255 3212 2303 vexatus
3238 2264 3273 2302 a
3302 2244 3518 2304 Verre.

2205 2319 2383 2377 Verr.
2426 2321 2714 2379 Accusat.
2756 2325 2813 2389 5,
2859 2329 2914 2389 7,
2963 2326 3053 2382 15.

2279 2412 2450 2471 Leon
2490 2414 2776 2491 princeps
2815 2413 3251 2473 Phliasion-uma
3292 2414 3522 2491 Pytha-

2207 2508 2390 2566 gorae
2442 2508 2577 2546 cum
2633 2507 2705 2547 eo
2756 2488 2830 2546 de
2891 2490 3271 2567 philosophia
3325 2491 3519 2549 collo-

2205 2567 2431 2642 quium.
2513 2564 2761 2622 Tuscul.
2802 2570 2859 2634 5,
2905 2572 2961 2633 5,
3007 2573 3063 2627 8.

2280 2659 2705 2716 Ltorumcum.
2767 2659 2838 2716 de
2874 2659 3015 2718 Nat.
3059 2660 3136 2716 D.
3186 2667 3239 2729 3,
3283 2663 3375 2728 19,
3418 2666 3516 2722 50.

2205 2753 2341 2793 voc.
2388 2745 2760 2812 corruptum.
2840 2734 2993 2793 Vide
3035 2735 3318 2793 Lamnus.

2281 2827 2612 2896 Lnomnas,
2650 2847 2760 2885 rex
2786 2827 3423 2895 Lacedaemoniorum,
3445 2846 3512 2886 se

2207 2905 2269 2961 in
2296 2903 2559 2961 Thermo
2605 2903 2719 2978 ylis
2750 2913 3174 2981 trecentosque
3201 2922 3323 2971 eos,
3354 2922 3511 2981 quos

2208 2977 2496 3036 eduxerat
2536 2923 2779 3054 §pax-ta,
2810 2998 2964 3036 .cum
3001 2992 3160 3037 esset
3196 2981 3514 3056 proposita

2207 3065 2309 3111 aut
2344 3054 2481 3130 fuga
2507 3055 2704 3130 turpis
2738 3064 2838 3111 aut
2909 3055 3134 3114 loriosa
3168 3073 3354 3120 mors.
3397 3074 3516 3130 op-

2250 3131 2410 3188 osuit
2434 3127 2727 3187 hostibus.
2786 3130 2858 3187 de
2938 3133 3061 3188 inn.
3092 3139 3151 3197 2,
3182 3136 3280 3195 50.
3308 3135 3405 3192 97.
3438 3160 3516 3174 -—

2262 3206 2508 3262 eonidas
2558 3205 2855 3282 quomodo
2900 3207 3330 3282 Thermopylis
3366 3222 3514 3263 suos

2208 3282 2557 3337 exhortatus
2616 3283 2728 3338 sit=
2798 3280 3047 3339 Tuscul.
3096 3290 3167 3348 1,
3216 3285 3328 3352 42,
3380 3288 3515 3343 101.

2208 3354 2361 3414 Ibid.
2405 3359 2503 3424 49,
2547 3363 2676 3416 116.
2756 3355 2829 3413 de
2868 3356 3047 3414 Fiun.
3093 3365 3149 3424 2,
3196 3360 3291 3424 19,
3337 3360 3437 3416 62.

2282 3449 2594 3507 Ltomnas
2615 3491 2630 3517 ,
2687 3452 2815 3507 sive
2851 3453 3054 3526 potius
3091 3451 3369 3506 Leonam
3413 3451 3523 3526 (ut

2210 3537 2300 3583 est
2339 3527 2402 3582 in
2442 3524 2591 3583 cod.
2630 3524 2791 3583 Med.
2828 3526 2904 3584 ad
2934 3525 3101 3583 Fam.
3148 3531 3256 3596 16,
3304 3533 3371 3584 21
3395 3568 3411 3593 ,
3459 3530 3518 3585 5.

2213 3612 2272 3658 et
2312 3603 2374 3658 in
2414 3600 2564 3659 Cod.
2608 3601 2766 3658 Med.
2817 3601 2894 3659 ad
2930 3604 3057 3658 Ait.
3107 3606 3200 3670 15,
3243 3608 3338 3662 16.
3381 3602 3517 3670 Α.),

2210 3676 2293 3734 M.
2358 3675 2672 3746 Ciceronis
2741 3674 2849 3734 filii
2911 3677 3201 3752 magister
3260 3676 3522 3735 Athenis

2212 3752 2293 3826 (a.
2335 3770 2398 3807 u.
2434 3770 2489 3809 c.
2529 3758 2689 3822 710.)
2759 3751 2835 3809 ad
2870 3753 2998 3809 Att.
3041 3753 3145 3820 14,
3192 3756 3301 3820 16,
3345 3758 3401 3812 5.
3456 3781 3519 3792 -

2188 3827 2512 3884 ‘Leonidae
2540 3844 2632 3882 me
2660 3827 2892 3884 litterae
2925 3846 3050 3884 non
3078 3829 3225 3885 satis
3255 3828 3526 3885 delecta-

2213 3913 2371 3959 runt.
2447 3902 2538 3959 Ib.
2588 3911 2695 3969 18,
2741 3907 2798 3962 4.
2842 3932 2914 3948 -·
2951 3902 3256 3961 Leonidas
3296 3905 3524 3961 retinet

2214 3997 2388 4036 suum
2426 3977 2571 4034 illud
2608 3996 2834 4045 annuc,
2874 3977 2938 4035 id
2974 3991 3086 4049 est,
3130 3978 3523 4037 mediocriter

2214 4054 2295 4111 M.
2322 4051 2510 4111 filium
2537 4053 2758 4110 laudat.
2810 4051 2901 4111 Ib.
2931 4053 3069 4111 Lib.
3102 4059 3194 4121 15,
3227 4061 3323 4115 16.
3347 4056 3427 4112 A.
3446 4083 3523 4098 -

2213 4129 2364 4187 Cum
2401 4128 2668 4186 Leonide
2709 4127 2958 4186 multum
2998 4139 3129 4186 crat
3168 4129 3254 4187 M.
3300 4128 3519 4187 Cicero

2212 4203 2393 4274 filius,
2436 4223 2490 4261 a.
2518 4223 2580 4261 u.
2613 4223 2667 4263 c.
2698 4210 2830 4267 710.
2853 4247 2870 4274 ,
2909 4215 2977 4261 ut
3013 4207 3141 4281 ipse
3180 4203 3396 4262 scribit
3438 4203 3522 4261 ad

2214 4280 2378 4337 Fam.
2420 4286 2514 4349 16,
2556 4286 2650 4347 21,
2689 4286 2748 4344 5.

2287 4374 2599 4431 Leomnas
2635 4373 2899 4442 Siculus,
2938 4386 3189 4432 vexatus
3229 4392 3261 4430 a
3294 4372 3518 4430 Verre.

2215 4449 2395 4507 Verr.
2440 4451 2723 4506 Accusat.
2764 4455 2822 4518 5,
2866 4453 2924 4518 4,
2973 4459 3064 4512 10.

2289 4544 2608 4601 Leonum.
2685 4544 3059 4616 (speonnam
3094 4560 3308 4601 nomen
3347 4538 3527 4600 urbis

2218 4638 2340 4678 non
2380 4621 2710 4687 invenitur,
2753 4639 2894 4678 nam
2930 4641 2963 4677 a
3010 4619 3086 4678 ud
3110 4617 3533 4676 Ptolemaeum

2217 4698 2286 4763 5,
2328 4694 2387 4752 4.
2430 4696 2728 4752 incertum
2766 4707 2879 4753 est.
3019 4696 3254 4753 imirum
3290 4692 3533 4749 nullum

2216 4781 2307 4828 est
2342 4768 2513 4828 urbis
2552 4772 2869 4847 proprium
2912 4789 3165 4837 nomen,
3209 4769 3319 4826 sed
3357 4787 3536 4826 com-

2215 4864 2393 4903 mune
2433 4865 2571 4903 cum
2604 4846 2896 4923 populo.”
2952 4848 3218 4911 zoam.)
3272 4844 3539 4902 Leonti-

2217 4924 2331 4987 nis,
2367 4924 2589 4979 misera
2615 4925 2679 4978 in
2713 4924 2955 4980 civitate
2994 4934 3168 5001 atque
3203 4922 3391 4989 inani,
3431 4931 3538 4976 ta-

2214 5017 2350 5056 men
2375 4998 2587 5056 Verris
2623 4999 2684 5054 in
2716 5001 3031 5072 gymnasio
3066 5009 3267 5055 statua
3292 4998 3534 5054 deiecta

2214 5081 2325 5130 est.
2383 5074 2562 5131 Verr.
2596 5074 2813 5130 Accus.
2842 5081 2899 5140 2,
2930 5077 3026 5140 66,
3061 5077 3191 5135 160.
3228 5101 3289 5115 ·-
3323 5072 3535 5129 Leon-

2213 5150 2326 5207 tini
2364 5169 2398 5208 a
2438 5149 2506 5208 C.
2536 5148 2730 5207 Verre
2770 5160 2830 5206 et
2869 5148 2947 5221 Q.
2979 5150 3261 5225 Apronio
3293 5150 3526 5206 vexati.

2212 5224 2389 5285 Verr.
2428 5228 2716 5286 Accusat.
2754 5228 2828 5297 5,
2869 5227 2981 5298 44,
3026 5226 3159 5288 104.
3205 5254 3271 5268 -
3311 5223 3528 5283 Leon—
