4367 6084
984 632 1115 699 234
1423 618 1427 623 ’
1735 631 2267 707 ENTELLINI
2312 662 2391 677 --
2438 629 2910 698 EPHORUS.
2949 726 2956 733 ε

983 781 1056 844 1,
1099 780 1157 831 2.
1217 802 1290 820 -·-
1344 773 1529 830 Ennii
1577 789 1791 830 versus
1845 790 1922 829 ex
1964 772 2292 850 tragoediis-
2326 790 2553 850 pugna
2591 771 3015 830 Mantineensi.
3080 771 3153 830 de
3197 772 3379 831 Finn.
3429 778 3503 840 2,
3548 779 3663 839 50,

982 850 1257 907 incertis.
1314 847 1566 907 Tuscul.
1610 854 1667 916 4,
1704 855 1797 916 55,
1834 855 1926 910 70.
1984 850 2067 906 de
2086 849 2287 907 Divin.
2350 855 2444 908 97.
2493 877 2555 889 -
2598 848 2759 905 Num
2814 859 2943 907 tum
2989 849 3353 924 ingemuisse
3406 847 3659 924 Epami-

985 933 1054 994 2,
1097 929 1202 993 26,
1245 929 1343 985 57.
1382 954 1460 969 --
1510 923 1695 981 Ennii
1739 924 2042 981 versiculi.
2115 925 2287 983 Orat.
2348 923 2608 980 nondam
2679 933 2837 995 utas,
2886 942 3021 980 cum
3047 943 3168 980 una
3195 940 3334 981 cum
3358 927 3657 1000 sangnine

981 1003 1079 1069 47,
1124 1007 1230 1062 157
1272 1010 1331 1056 et
1371 1007 1498 1060 160.
1556 998 1723 1056 Orat.
1755 1005 1852 1067 51,
1891 1008 2022 1061 171.
2078 1001 2153 1058 de
2175 999 2287 1058 Or.
2346 1002 2534 1056 vitam
2576 942 2823 1057 esguere
2879 999 3175 1057 sentiret?
3246 999 3659 1076 Imperantem

984 1083 1044 1144 2,
1084 1080 1181 1144 54,
1225 1084 1358 1135 222.
1415 1075 1490 1132 ad
1517 1075 1645 1131 Att.
1690 1082 1747 1141 2,
1792 1082 1887 1143 19,
1936 1083 1988 1133 2.
2046 1077 2122 1135 ad
2159 1079 2286 1133 Att.
2348 1077 2509 1132 enim
2543 1076 2805 1151 patriam
2829 1074 3321 1133 Lacedaemoniis
3349 1074 3662 1173 relinque-

982 1157 1079 1220 15,
1118 1159 1176 1208 7.
1230 1152 1304 1208 de
1331 1151 1480 1225 Rep.
1510 1150 1558 1207 F
1564 1168 1813 1225 ragmm.
1853 1153 2068 1208 incert.
2107 1152 2183 1209 N.
2220 1160 2287 1210 12
2346 1150 2484 1217 bat,
2530 1170 2705 1229 quam
2732 1162 3053 1224 acceperat
3077 1153 3464 1208 servientem.
3540 1152 3661 1209 l'u-

984 1237 1046 1285 et
1085 1231 1174 1286 15.
1216 1258 1292 1270 -
1328 1226 1513 1283 Ennii
1553 1244 1807 1283 versusz
1863 1229 2046 1281 Nemo
2083 1248 2170 1281 me
2209 1230 2292 1280 Ia-
2347 1227 2502 1284 seul.
2562 1235 2627 1295 2,
2684 1227 2789 1294 24,
2846 1232 2940 1285 59.
3008 1257 3071 1270 —·
3135 1225 3329 1299 Quem
3380 1227 3661 1284 nostrum

981 1308 1190 1358 artemis
1229 1303 1455 1357 decoret
1491 1321 1660 1373 neque
1688 1301 1906 1370 funera
1926 1304 2078 1375 fletu
2101 1308 2287 1357 Faxit.
2348 1301 2448 1359 ille
2486 1305 2754 1360 moriens
2796 1301 2954 1376 apud
2991 1301 3361 1360 Mantineam
3405 1303 3657 1378 Epami-

983 1377 1132 1436 Cato
1166 1384 1264 1447 20,
1302 1385 1393 1438 75.
1443 1409 1506 1421 -
1552 1377 1736 1434 Ennii
1762 1378 2018 1435 versus?
2073 1377 2145 1434 de
2169 1378 2287 1437 Off.
2349 1377 2580 1435 nondas
2622 1395 2742 1435 non
2772 1396 2921 1434 eum
2967 1377 3225 1454 quadam
3267 1381 3659 1435 miseratione

983 1463 1039 1522 1,
1071 1457 1163 1522 16,
1196 1460 1291 1512 51.
1347 1453 1547 1510 Varro
1573 1453 1699 1509 LL.
1735 1460 1787 1521 5,
1817 1463 1868 1512 1.
1895 1473 1956 1529 p.
1982 1462 2074 1511 21.
2132 1454 2287 1512 Ihm:
2349 1453 2647 1510 delectat?
2706 1454 2809 1530 qui
2854 1462 2983 1509 tum
3026 1453 3283 1529 denique
3324 1452 3441 1511 sibi
3476 1455 3658 1512 avelli

965 1532 1039 1601 5,
1082 1527 1139 1586 2.
1181 1548 1242 1604 p.
1288 1534 1378 1586 25.
1430 1528 1556 1585 LL.
1601 1533 1660 1595 5,
1707 1531 1763 1586 4.
1811 1548 1871 1602 p.
1913 1536 2005 1590 52.
2059 1529 2184 1586 LL.
2232 1537 2287 1598 5,
2347 1527 2510 1587 iubet
2567 1529 2896 1616 spiculum,
2959 1538 3347 1605 posteaquam
3402 1531 3459 1586 ei
3511 1549 3656 1606 per-

982 1604 1077 1665 10.
1163 1643 1178 1658 .
1213 1609 1308 1666 64.
1335 1605 1479 1680 (65.)
1504 1607 1598 1663 66.
1668 1603 1741 1659 de
1777 1603 1898 1662 Off.
1940 1613 1995 1673 1,
2031 1610 2125 1672 59,
2162 1611 2287 1666 159.
2347 1615 2623 1662 eontanti
2666 1603 2891 1660 dictum
2929 1615 3022 1661 est
3055 1603 3487 1678 clipeum-esse
3537 1606 3660 1661 sal-

981 1679 1055 1738 de
1095 1623 1216 1738 gff,
1259 1687 1333 1747 2,
1377 1687 1482 1748 18,
1527 1686 1619 1738 62.
1680 1707 1743 1720 -·
1801 1679 1986 1737 Ennii
2035 1699 2287 1738 versus:
2348 1698 2510 1738 vum.
2586 1680 2662 1738 ad
2704 1679 2871 1736 Fam.
2916 1684 2985 1748 5,
3034 1687 3139 1747 12,
3195 1684 3251 1739 5.
3303 1709 3366 1722 —-
3410 1678 3659 1756 Epami-

979 1756 1415 1810 Amicuscertus
1433 1761 1494 1807 in
1512 1775 1574 1807 re
1593 1761 1818 1808 incerta
1835 1762 2104 1812 cernitur.
2126 1756 2287 1813 Lael.
2347 1755 2614 1823 nondas,
2681 1775 2715 1811 a
2779 1755 3128 1813 rhetoribus
3190 1764 3510 1812 tractatus.
3586 1757 3659 1812 de

2345 1832 2481 1888 Inv.
2528 1838 2592 1896 1,
2636 1836 2744 1898 55,
2788 1836 2883 1890 55.
2938 1828 3092 1888 Ibid.
3138 1839 3206 1897 1,
3254 1837 3362 1898 58,
3414 1834 3510 1890 69.
3585 1832 3657 1889 de

2347 1907 2392 1963 F
2396 1909 2527 1964 inn.
2551 1911 2610 1975 2,
2634 1909 2730 1974 19,
2753 1910 2849 1966 62.
2878 1935 2941 1948 -·
2966 1907 3319 1964 Victorinus
3346 1913 3406 1964 1.
3435 1926 3497 1984 p.
3525 1914 3655 1969 100.

2344 1985 2478 2114 [104.
2527 2011 2608 2117 -6
2647 1981 2896 2040 Tuscul.
2964 1990 3035 2054 1,
3097 1984 3207 2050 46,
3277 1989 3410 2042 110.
3492 1981 3649 2040 Ibid.

2324 2096 2325 2103 ¹
2383 2063 2452 2126 9,
2498 2065 2565 2116 ¹1
2613 2097 2629 2113 0

2418 2150 2615 2208 Erras
2655 2146 2992 2221 fumificas,
3038 2169 3225 2210 cocus
3270 2170 3305 2208 a
3354 2149 3435 2208 ud
3467 2150 3653 2210 Plan-

2347 2239 2510 2294 tum,
2567 2223 2644 2285 ab
2699 2226 2868 2302 Epeo
2923 2224 3062 2296 illo,
3129 2228 3231 2304 qui
3334 2229 3519 2284 icitur
3579 2228 3653 2284 ad

2322 2302 2594 2360 ¹Troiam
2655 2301 2872 2359 fecisse
2933 2320 3153 2380 equum
3203 2302 3543 2359 Troianum
3599 2315 3657 2359 et

2345 2389 2485 2453 apte
2532 2375 2734 2495 pibum
2778 2395 3047 2436 curasse.
3102 2377 3306 2436 Varro
3352 2377 3476 2436 LL.
3504 2385 3565 2448 7,
3598 2387 3651 2441 5.

2419 2546 2695 2605 Ernesu.
2752 2543 2913 2619 Quid
2949 2543 3330 2603 arbitramini
3356 2545 3654 2622 Ephesios

2344 2640 2577 2679 merere
2604 2620 2775 2690 velle,
2801 2632 2870 2679 ut
2894 2632 3169 2679 amittant
3194 2622 3609 2681 Alexandrum
3626 2625 3654 2680 Ρ

2344 2695 2478 2764 (τὸν
2516 2703 2990 2775 κεραυνοφόρον
3038 2697 3102 2755 in
3151 2696 3376 2773 templo
3420 2699 3652 2756 Dianae

2344 2773 2677 2904 {phesiam
2718 2769 2793 2829 ab
2821 2771 3033 2848 Apelle
3057 2772 3309 2849 pictum.
3365 2773 3523 2830 Plin.
3573 2775 3647 2831 H.

2406 2889 2422 2904 .
2470 2853 2576 2915 55,
2625 2857 2731 2917 10,
2785 2853 2911 2916 56.)
2991 2845 3174 2906 Verr.
3237 2850 3523 2907 Accusat.
3581 2854 3651 2918 4,

2343 2927 2468 2990 60,“
2496 2928 2625 2984 155.
2685 2954 2749 2966 -
2790 2923 3038 2998 Ephesii
3083 2925 3446 3000 expulerunt
3490 2925 3653 2982 Her-

2347 2997 2662 3055 modorum
2709 3012 2962 3075 propter
3013 3000 3140 3057 eins
3190 3004 3648 3076 praestantiam.

2345 3073 2599 3133 Tuscul.
2641 3079 2713 3144 5,
2761 3079 2870 3146 56,
2914 3079 3044 3135 105.

2420 3177 2721 3236 Ernrsms
2750 3188 3012 3252 praetor.
3053 3177 3201 3236 Mihi
3230 3178 3453 3237 Graeci
3480 3182 3649 3256 qnasi

2344 3253 2605 3328 Ephesio
2669 3252 2940 3329 praetori
2996 3272 3060 3309 se
3123 3253 3360 3310 alacres
3416 3252 3651 3312 obtule-

2345 3340 2505 3386 runt.
2554 3348 2612 3386 a.
2654 3348 2716 3387 u.
2760 3347 2816 3387 c.
2859 3334 2989 3391 705.
3042 3327 3120 3386 ad
3160 3331 3284 3386 Att.
3321 3333 3394 3400 5,
3439 3339 3547 3398 15,
3598 3338 3648 3387 1.

2419 3432 2693 3489 Ernzsus
2733 3430 3105 3490 nobilissima
3140 3433 3326 3490 Asiae
3366 3411 3555 3491 urbs?
3585 3463 3648 3475 —

2344 3507 2575 3564 Fanum
2603 3506 2833 3564 Dianae
2868 3509 3115 3584 eiusque
3153 3508 3409 3581 asylum.
3469 3509 3650 3566 Verr.

978 3603 1061 3659 mi
1142 3599 1372 3658 laboris
1461 3619 1842 3680 summaeque
1929 3600 2282 3660 industriae.
2344 3583 3656 3747 ssffssssssdsspsogsssqhffiuffleggguffss‘s'

979 3675 1161 3845 veli-J·
1214 3677 1500 3735 Aecum&
1545 3681 1604 3746 δ’
1650 3678 1749 3746 43'
1795 3683 1928 3781 1ᾳᾶ
2232 3790 2244 3802 ,
2344 3735 2414 3792 Ρ.
2457 3734 2735 3793 Metellus
2774 3734 2988 3810 Scipio
3027 3735 3160 3792 tolh
3206 3732 3468 3793 iubebat.
3509 3756 3563 3791 a.
3597 3755 3652 3791 n.

1106 3807 1492 3847 ummouoas
1532 3787 1858 3847 Thebanus
1913 3789 2120 3858 ‚haud
2157 3807 2285 3846 scio
2346 3829 2401 3867 c,
2453 3817 2584 3871 705,
2659 3809 2884 3868 Caes„-
2926 3808 3067 3885 ‘ciffi
3112 3817 3183 3879 3,
3232 3815 3329 3872 33,
3376 3841 3442 3855 ...
3488 3812 3649 3869 Tim,

976 3882 1057 3922 an
1079 3882 1342 3921 summus
1381 3867 1478 3923 vir
1498 3883 1655 3922 unns
1684 3867 1879 3923 omnis
1908 3865 2286 3934 Graeciae;”
2345 3886 2493 3962 Cap·
2537 3895 2595 3946 1·
2638 3904 2702 3961 P,
2744 3889 2879 3946 496,

977 3968 1056 3987 --
1110 3939 1421 3997 institutus
1485 3961 1520 3998 a
1577 3936 1804 4014 Lyside
1866 3943 2283 4017 Pythagoreo:
2790 3953 2796 3956 '

972 4014 1078 4148 §id
1101 4013 1279 4096 -quod
1319 4027 1517 4074 tamen
1555 4027 1896 4091 temporum
1926 4018 2153 4074 rationi
2194 4018 2287 4073 vi-

1016 4099 1151 4149 etur
1188 4092 1586 4170 repugnare.)
1642 4090 1714 4149 de
1750 4091 1863 4151 Or.
1906 4097 1965 4161 5,
2009 4095 2104 4161 54,
2152 4097 2281 4153 159.

980 4194 1046 4209 -
1113 4166 1562 4242 Epaminondas
1639 4167 1972 4244 discipulus
2041 4168 2284 4242 Lysidis

974 4240 1364 4330 Pythagorei.
1440 4242 1515 4301 de
1566 4241 1690 4300 Off.
1751 4253 1818 4310 1,
1879 4248 1987 4313 44,
2037 4249 2166 4304 155.
2212 4273 2284 4286 -

974 4315 1430 4395 Epaminondas
1482 4319 1865 4394 imperatoris
1921 4319 2281 4396 exemplum.

974 4392 1055 4453 de
1091 4391 1203 4451 Or.
1259 4403 1328 4461 1,
1372 4399 1480 4462 48,
1521 4400 1654 4455 210.
1697 4425 1767 4439 —-
1809 4394 2085 4452 Thebani
2141 4415 2285 4452 ora-

972 4476 1141 4527 tores
1180 4469 1362 4538 nulli,
1402 4470 1525 4527 nisi
1562 4468 1704 4546 quid
1741 4469 1814 4528 de
1841 4470 1890 4527 E
1938 4471 2282 4541 aminonda,

975 4543 1156 4603 docto
1195 4544 1469 4614 homine,
1526 4547 1825 4621 suspicari
1862 4547 1902 4603 li
1950 4557 2030 4604 et.
2105 4546 2280 4604 Brut.

982 1837 1094 1899 17.
1134 1832 1230 1891 64.
1272 1861 1348 1875 -
1397 1830 1546 1888 Eius
1583 1831 2018 1904 fragmentumt
2074 1838 2287 1885 animus

979 1924 1159 1976 aeger
1179 1923 1398 1976 semper
1421 1916 1586 1959 errat
1610 1914 1724 1961 cet.
1781 1906 2028 1963 Tuscul-
2058 1913 2116 1975 5,
2148 1912 2206 1976 5,
2239 1915 2287 1968 5.

980 1979 1183 2039 Varro
1221 1980 1346 2038 LL.
1384 1984 1453 2049 5,
1498 1988 1592 2038 22.
1634 1990 1696 2058 p‘.
1729 1987 1859 2042 115.
1919 1982 2044 2039 LL.
2088 1989 2154 2050 5,
2192 1988 2286 2044 56.

980 2075 1040 2134 p·
1082 2063 1213 2117 180.
1269 2054 1396 2112 LL.
1432 2061 1503 2125 6,
1545 2064 1602 2115 2.
1656 2075 1718 2132 p.
1763 2060 1894 2117 189.
1950 2057 2075 2114 LL.
2115 2062 2186 2126 6,
2233 2066 2286 2120 7.

981 2151 1043 2209 p.
1062 2139 1173 2194 257
1196 2140 1257 2187 et
1275 2136 1404 2193 258.
1453 2130 1583 2190 LL.
1616 2136 1676 2200 6,
1708 2139 1764 2194 7.
1803 2152 1865 2208 p.
1891 2138 2019 2191 257.
2059 2132 2207 2209 Cap.
2234 2140 2287 2193 8.

978 2224 1042 2284 p.
1071 2213 1180 2269 258
1201 2217 1261 2263 et
1274 2208 1407 2267 260.
1430 2238 1504 2254 ·-
1525 2207 1650 2265 cfr.
1672 2209 1848 2264 etiam
1877 2206 2018 2283 Opt.
2041 2227 2174 2284 gen.
2196 2228 2284 2266 or.

978 2285 1040 2351 6,
1073 2287 1163 2342 18.
1212 2281 1286 2339 de
1308 2280 1417 2339 or.
1445 2291 1500 2350 1,
1530 2285 1783 2351 51154.
1840 2282 2012 2341 orat.
2037 2290 2132 2352 51,
2158 2288 2287 2344 109.

986 2387 1053 2407 «-
1095 2357 1274 2431 Quod
1311 2356 1628 2415 Ernestius
1667 2367 1728 2414 et
1765 2357 2123 2416 Schuetzius
2159 2359 2287 2417 En-

979 2434 1084 2492 nio
1123 2430 1401 2507 tribuunt
1434 2433 1769 2491 versiculos
1807 2434 2115 2510 Euripidis
2154 2453 2287 2492 ser-

979 2519 1155 2567 vatos
1201 2505 1379 2565 nobis
1427 2528 1461 2565 a
1497 2507 1730 2566 Galeno
1771 2506 1844 2566 de
1883 2510 2100 2587 Dogm.
2137 2511 2281 2586 Hip·

978 2601 1150 2661 poor.
1207 2595 1268 2640 et
1325 2584 1563 2641 Platon.
1625 2582 1762 2642 Lib.
1816 2587 1892 2653 4,
1939 2594 1992 2648 7.
2047 2585 2184 2643 Vol.
2229 2592 2285 2645 5.

979 2678 1044 2737 p.
1083 2661 1220 2720 418.
1263 2659 1376 2716 Ed.
1416 2660 1618 2718 Kiihn.
1676 2666 1758 2718 Εἰ
1787 2663 1904 2737 μὲν
1941 2659 2066 2721 τόδ’
2107 2654 2284 2740 ἦμαρ

978 2727 1340 2870 mm:
1376 2731 2021 2869 ..θη
2036 2736 2287 2887 ,μεεεὲ

977 2879 1180 2956 δάζειν
1206 2877 1282 2961 ἦν
1306 2884 1388 2944 ἂν
1418 2887 1500 2952 ὡς
1525 2888 1778 2964 νεόζυγα
1797 2855 2013 2946 honor
2051 2889 2287 2964 ,αλινόν

978 2955 1208 3038 ἀρτίοις
1233 2959 1615 3039 δεδεγμένον,
1654 2965 1788 3020 Νῦν
1819 2959 1870 3019 δ’
1897 2963 1990 3038 ἀμ
2036 2963 2138 3027 2134-
2163 2967 2287 3040 εἰμι

976 3032 1089 3092 καὶ
1110 3033 1513 3113 κατηρτυκὼς
1535 3040 1766 3106 κακῶν,
1792 3047 1858 3092 ut
1883 3048 2074 3094 totum
2097 3054 2287 3113 genus

980 3108 1222 3167 dicendi
1254 3120 1314 3167 et
1344 3112 1786 3169 versiculorum
1815 3120 1996 3171 tenor
2025 3112 2221 3181 docet,
2253 3132 2285 3168 a

980 3184 1278 3245 Cicerone
1306 3189 1438 3262 ipso
1458 3187 1521 3243 in
1541 3186 1825 3256 Latinum
1842 3191 2124 3247 conversi
2145 3197 2287 3244 sunt

979 3259 1232 3319 Tuscul.
1270 3269 1328 3329 5,
1370 3267 1468 3332 28,
1505 3267 1601 3323 67.
1625 3302 1642 3330 ,
1689 3282 1812 3319 non
1852 3262 2138 3322 exEnnii
2177 3263 2284 3319 ali-

978 3354 1095 3415 qua
1135 3337 1445 3414 tragoedia
1489 3336 1805 3415 desumpti.

1055 3449 1430 3515 Eua-uum,
1484 3450 1718 3508 incolae
1771 3469 1807 3508 o
1851 3450 1978 3526 pidi
2016 3449 2287 3507 Entellae

980 3523 1046 3582 ln
1067 3524 1274 3583 Sicilia
1303 3524 1378 3582 ad
1400 3525 1787 3595 Crimissum3
1808 3470 2092 3583 {omines
2120 3545 2287 3582 sum-

2417 3990 2658 4047 Ernoiu
2751 3989 2971 4066 uinqne
3021 3984 3279 4064 Spartae
3339 3991 3656 4047 constituti

2343 4076 2635 4143 regnante
2763 4066 3133 4141 heopompo;
3212 4075 3649 4141 comparantur

2339 4160 2477 4231 :cum
2533 4139 2819 4228 tribunis.
2848 4138 3029 4217 plebi.
3102 4138 3174 4197 de
3219 4140 3372 4216 Rep.
3428 4149 3499 4207 2,
3548 4148 3643 4208 55,

2342 4218 2563 4428 {2³²2ss
2578 4215 3397 4428 3222=;..¹⁴2552.22e22.2
3444 4217 3650 4368 {¹:221

2397 4411 2412 4437 2
2511 4409 2530 4439 9
2654 4409 2669 4422 ”

2416 4470 2699 4528 Ernonus
2757 4480 2819 4528 et
2875 4471 3337 4546 Theopompus,
3402 4469 3479 4528 ab
3518 4471 3651 4526 Iso-

2344 4557 2512 4604 crate
2564 4548 2853 4622 magistro
2900 4547 3193 4623 compulsi
3239 4565 3304 4603 se
3346 4546 3419 4603 ad
3459 4548 3654 4604 histo-

978 4623 1083 4690 15,
1127 4625 1221 4682 50.
1266 4650 1330 4663 -·-
1374 4621 1827 4698 Epaminondas
1877 4623 1940 4678 in
1981 4625 2286 4700 epigram·
2343 4625 2494 4680 riam
2522 4622 2938 4690 contulerunt;
2983 4640 3195 4680 causas
3223 4624 3473 4680 omnino
3502 4642 3656 4680 nun-

976 4706 1136 4754 mate
1187 4699 1276 4756 sic
1320 4697 1617 4773 gloriatus
1670 4710 1795 4755 est=
1855 4701 2121 4754 Consiliis
2171 4719 2287 4752 no·
2385 4718 2521 4755 uam
2571 4699 2923 4772 attigerunt.
2994 4699 3066 4755 de
3114 4697 3224 4755 Or.
3281 4705 3353 4766 2,
3403 4703 3508 4765 15,
3556 4704 3651 4757 57.

973 4778 1116 4825 etr-is
1150 4775 1280 4828 laus
1305 4782 1395 4827 est
1419 4783 1655 4827 attonsa
1684 4774 1984 4829 Laconum.
2038 4775 2286 4831 Tuscnl.
2343 4776 2369 4832 1
2415 4775 2496 4831 id.
2557 4782 2663 4840 25,
2721 4777 2815 4832 94.
2864 4804 2927 4816 -
2971 4775 3287 4850 Ephorus,
3361 4774 3656 4837 Isocratis

977 4847 1037 4912 5.
1080 4855 1173 4916 17,
1215 4853 1310 4909 49.
1361 4878 1425 4891 —
1468 4848 1953 4925 Epaminondas,
1996 4852 2284 4927 princeps
2345 4851 2693 4924 discipulus.
2753 4849 2927 4906 Orat.
2972 4849 3076 4919 51,
3124 4858 3253 4909 172.
3303 4879 3367 4889 -
3411 4850 3660 4908 Isocra-

973 4938 1108 4978 meo
1169 4924 1389 4983 iudicio
1445 4924 1770 4990 Graeciae,
1834 4923 2052 4982 fidibus
2148 4939 2430 4987 rae-,tes
2485 4925 2638 4983 dixit
2687 4925 2759 4981 de
2811 4926 3059 5002 Ephoro
3111 4937 3170 4982 et
3219 4926 3534 5002 Theopom
3582 4946 3653 4982 o:

977 4994 1140 5052 clare
1203 5003 1496 5058 cecinisse
1555 5001 1794 5058 dicitur:
1905 5000 2108 5057 Tuscu
2225 5012 2278 5070 1,
2342 5002 2539 5074 „alter
2597 5002 2949 5078 (Ephorus)
3012 5003 3202 5058 frenis
3262 5013 3430 5076 eget,
3498 4946 3652 5058 aller

974 5077 1032 5137 2,
1075 5071 1133 5128 4.
1190 5073 1342 5132 Ibid.
1397 5082 1501 5145 15,
1541 5081 1638 5136 55.
1706 5106 1769 5118 -
1804 5076 2282 5151 ‘Epaminondas
2341 5078 2846 5154 (Theopompus)
2903 5076 3304 5135 calcaribus.”
3379 5077 3459 5136 ad
3516 5079 3647 5134 Att.
3696 5143 3703 5149 ,

977 5145 1425 5208 Cleombrotum
1449 5153 1728 5210 Leuctris
1757 5151 2001 5209 devicit.
2058 5151 2130 5208 de
2160 5152 2280 5212 Off.
2341 5159 2411 5224 6,
2457 5164 2525 5222 1,
2569 5161 2661 5213 12.
2723 5184 2798 5198 —
2854 5153 3183 5211 Isocratem
3233 5155 3299 5210 in
3346 5155 3651 5211 acerrimo

972 5232 1042 5295 1,
1091 5225 1198 5294 24,
1255 5225 1350 5284 84.
1395 5255 1462 5272 -
1504 5227 1796 5286 Animosa
1838 5229 1967 5287 eius
2005 5246 2171 5286 mors
2216 5231 2280 5288 in
2338 5231 2586 5308 ingenio
2601 5229 2982 5306 Theopompi
3008 5240 3068 5287 et
3092 5229 3402 5288 lenissimo
3417 5228 3649 5308 Ephori

1889 5502 1915 5535 ⁵
2640 5536 2682 5573 s
