4367 6084
713 622 753 690 C.
776 623 933 690 IULIUS
956 621 1143 689 CAESAR
1166 621 1503 694 OCTAVIANUS..
1561 656 1565 677 ι
1700 630 1762 694 313

424 764 573 823 Plancum
593 764 631 822 ad
643 764 725 821 Fam.
748 774 793 832 10,
816 771 862 831 25,
885 771 912 823 6.
938 763 1012 821 Ibid.
1032 766 1079 830 21,
1109 775 1188 835 tute,
1217 775 1315 821 tamen
1337 763 1554 841 approbatione
1574 769 1763 826 auctoritatis

424 845 529 900 heti.
558 838 635 897 ibid.
658 844 683 910 1.
696 849 724 900 8.
745 870 782 883 -
803 839 989 896 Octavianus
1010 843 1081 896 sim·
1111 858 1203 906 meae,
1219 841 1353 897 colonias
1368 844 1480 916 patrias
1494 840 1584 899 adiit:
1603 854 1763 901 veteranos

423 916 548 992 pliciter
568 917 680 974 dicitnr
699 914 820 973 Caesar.
848 915 923 972 Ibid.
947 916 999 982 21,
1021 923 1081 974 tet
1110 915 1219 972 milites
1240 920 1437 982 convocavit,
1458 920 1564 991 paucis
1584 917 1689 975 diebus
1708 939 1764 977 ex-

421 999 451 1051 5.
480 993 554 1050 Item
568 995 592 1061 0.
607 1001 635 1052 8.
656 1022 694 1035 -
713 991 861 1067 Egregius
881 1008 956 1066 puer
969 991 1081 1047 Caesar
1109 995 1234 1047 ercitum
1255 993 1344 1058 lecit;
1365 993 1506 1048 incitatos
1526 992 1653 1050 latronis
1668 995 1764 1071 inipe-

420 1077 481 1124 cet.
512 1067 589 1124 lbid.
605 1075 652 1134 28,
668 1071 695 1126 5.
721 1065 798 1122 Ibid.
818 1073 865 1133 50,
878 1070 907 1125 1.
935 1064 1011 1122 Ibid.
1029 1069 1075 1133 53,
1110 1077 1156 1122 tus
1177 1067 1352 1124 retardavit.
1379 1067 1455 1124 Phili
1480 1068 1761 1143 ρ.5.8.23.11)1(1.

418 1152 449 1206 5.
480 1141 557 1200 Ibid.
574 1155 598 1206 1.
615 1146 643 1201 lt.
666 1169 701 1185 -
720 1141 874 1198 Laudatur
888 1159 993 1198 rursus
1007 1139 1075 1197 Lib.
1111 1087 1540 1209 11,28·-1teeretu1nleeo
1556 1143 1764 1203 honorificen-

419 1231 471 1282 1t,
497 1228 524 1284 7,
550 1224 576 1275 2.
603 1216 679 1275 Ibid.
697 1224 725 1284 8,
744 1226 771 1272 2.
793 1249 827 1262 -
842 1217 920 1281 Eius
939 1227 1076 1275 conatus.
1108 1220 1254 1274 tissimum
1269 1237 1286 1275 a
1299 1215 1447 1277 Cicerone
1460 1219 1660 1295 propositum.
1681 1220 1760 1279 Ibid.

418 1295 541 1352 Laudes
561 1295 589 1349 ei
609 1312 625 1348 a
647 1293 794 1350 Cicerone
814 1291 944 1350 tributae
965 1311 1034 1348 an.
1049 1310 1075 1347 c.
1109 1294 1217 1358 16,!12.
1244 1323 1274 1333 -
1296 1292 1453 1351 Praelatus
1466 1292 1524 1353 Cn.
1537 1295 1681 1371 Pompeio
1696 1295 1764 1354 nta-

418 1379 507 1434 710.:
537 1369 669 1445 ,Magna
696 1386 765 1444 spes
793 1380 839 1425 cst
858 1374 890 1424 in
911 1388 957 1426 eo.
996 1367 1078 1425 Nihil
1107 1386 1176 1442 gno.
1203 1366 1622 1446 Ibid.-Philipp.7,5,10.
1647 1400 1678 1412 -
1701 1370 1763 1429 De-

417 1457 484 1515 est,
516 1445 596 1522 quod
625 1464 686 1501 non
713 1447 901 1500 existimetur
926 1443 1022 1500 laudis
1050 1453 1078 1499 et
1107 1454 1189 1500 creta
1209 1447 1600 1520 nostranodexspeetavit,
1621 1465 1763 1522 praeser-

417 1522 537 1600 gloriae
559 1538 648 1577 causa
665 1520 828 1577 facturus.''
855 1521 983 1576 Insidias
996 1531 1077 1577 stru·
1107 1520 1161 1575 tim
1191 1538 1258 1576 cuna
1288 1519 1361 1576 illud
1391 1532 1470 1578 esset
1498 1523 1621 1583 aetatis:
1651 1520 1763 1579 bellum

418 1602 505 1656 xisse
524 1597 659 1652 Antonio
677 1594 850 1671 putabatur.
880 1596 916 1651 ad
930 1596 1013 1652 Fam.
1030 1603 1076 1659 12,
1107 1605 1214 1651 eontra
1234 1598 1398 1652 Antonium
1419 1613 1471 1652 sua
1491 1606 1599 1670 sponte
1620 1590 1762 1673 sulcepit.

418 1679 469 1741 25,
491 1682 520 1730 2.
544 1701 576 1711 -
599 1673 765 1727 Antonium
777 1682 946 1727 ructantem
960 1682 990 1727 et
1004 1689 1079 1726 nau·
1106 1670 1238 1745 Philipp.
1260 1679 1295 1738 8,
1316 1681 1352 1737 2,
1374 1677 1403 1729 5.
1425 1701 1461 1714 -
1482 1670 1516 1728 C.
1539 1671 1662 1729 Caesari
1689 1673 1763 1730 ado-

421 1759 559 1806 seautem
596 1749 718 1829 conieci,
749 1749 779 1802 in
812 1746 952 1804 Caesaris
986 1745 1078 1804 Octa·
1107 1746 1272 1803 lesceutnlo
1302 1748 1461 1822 imperium
1486 1748 1763 1807 extraordinarium

420 1827 506 1884 viani
519 1822 632 1898 plagas.
654 1821 734 1878 Puer
748 1823 826 1878 enim
842 1825 1079 1899 egregiusprae-
1107 1841 1171 1878 mea
1192 1824 1340 1879 sententia
1362 1822 1441 1878 dedi.
1464 1856 1482 1866 -
1502 1822 1704 1899 -Imperium
1724 1822 1761 1882 C.

422 1900 534 1958 sidium
559 1897 617 1955 sibi
636 1898 766 1973 primum
786 1909 815 1954 et
835 1895 939 1964 nobis,
972 1897 1077 1954 deinde
1108 1897 1230 1968 Caesari
1249 1895 1319 1953 belli
1340 1901 1523 1965 necessitas,
1555 1899 1763 1956 lascessere-

422 1992 558 2035 summae
578 1975 623 2029 rei
644 1971 781 2046 publicae
801 1977 1005 2049 eouiparavit;
1050 1976 1078 2029 ui
1107 1982 1156 2041 tus
1175 1973 1266 2029 dedit.
1306 1973 1437 2048 Philipp.
1462 1984 1516 2039 11,
1538 1979 1575 2040 8,
1596 1982 1643 2034 20.
1668 2004 1700 2016 -
1721 1976 1761 2032 Α.

422 2054 485 2109 nisi
500 2052 617 2113 luisset,
635 2050 761 2105 Antonii
780 2049 895 2105 reditus
915 1993 1079 2106 aBrunlli-
1107 2047 1242 2114 Hirtius,
1265 2046 1299 2106 C.
1316 2047 1446 2114 Caesar,
1469 2047 1593 2106 deorum
1613 2047 1762 2109 beneficio

420 2130 469 2185 sio
490 2127 584 2202 pestis
604 2127 720 2201 patriae
740 2125 855 2180 luisset.
884 2125 920 2181 ad
935 2124 1018 2181 Fam.
1032 2131 1077 2189 12,
1107 2134 1195 2180 natus
1215 2123 1253 2179 ad
1272 2124 1345 2181 haec
1363 2133 1510 2200 tempora,
1533 2128 1656 2182 vincere
1669 2140 1762 2202 expe-

420 2208 477 2269 25,
506 2203 533 2258 1.
566 2229 598 2240 -
629 2198 756 2275 „Neque
783 2198 906 2256 Caesari
937 2201 1077 2275 imperari
1106 2210 1174 2255 tunt
1194 2200 1336 2275 pacisque
1357 2198 1562 2257 dulcissimum
1579 2212 1608 2257 et
1620 2200 1763 2277 pulcher-

420 2286 524 2353 potest
537 2295 595 2332 nee
608 2274 720 2332 Caesar
731 2278 875 2331 exercitui
889 2277 974 2332 sno.''
995 2285 1033 2342 (a.
1049 2293 1077 2331 u.
1107 2277 1217 2331 rimum
1236 2293 1345 2331 nomeu
1372 2293 1434 2331 non
1456 2279 1616 2352 pactione,
1641 2274 1697 2334 sed
1715 2277 1763 2333 ri-

420 2373 450 2410 e.
473 2358 553 2420 711.)
580 2350 618 2407 Ι).
647 2349 759 2407 Brutus
791 2350 828 2407 ad
854 2351 937 2409 Fam.
961 2358 1074 2418 11,10‚
1107 2353 1202 2407 ctoria
1222 2353 1472 2425 concupiverunt.
1508 2350 1639 2427 Philipp.
1663 2353 1760 2419 12,1,

421 2430 452 2486 1.
475 2458 509 2471 -
533 2425 685 2497 „Caesari
714 2444 775 2482 non
796 2424 955 2486 credebam
978 2428 1073 2501 prius,
1107 2432 1135 2484 9.
1158 2455 1189 2466 -·
1218 2425 1358 2482 Caesaris
1385 2425 1570 2483 incredibilis
1598 2445 1633 2482 ae
1660 2427 1762 2484 divina

421 2522 512 2581 quam
540 2503 750 2559 convenissem
777 2513 807 2558 et
834 2502 999 2558 collocutus
1026 2521 1077 2558 es·
1108 2505 1202 2557 uirtus
1222 2501 1349 2557 latronis
1370 2503 1496 2577 impetus
1514 2500 1651 2560 crudeles
1665 2521 1700 2559 ac
1714 2504 1763 2560 lu·

420 2579 516 2635 sem.”
541 2577 634 2634 Idem.
661 2575 797 2643 Ibid.15,
815 2587 841 2633 1.
859 2608 894 2621 -
911 2577 948 2634 D.
964 2577 1077 2633 Brutus
1108 2574 1442 2634 ribendosretardaeit.
1471 2577 1602 2653 Philipp.
1617 2583 1762 2645 13,9,19.

421 2651 573 2730 probabat
586 2652 743 2710 Ciceronis
763 2655 929 2709 sententias
951 2652 1009 2723 ,de
1030 2670 1079 2708 or·
1108 2652 1267 2709 -Caesar
1278 2671 1334 2728 pro
1366 2652 1762 2714 raetorea.u.c.7t1.lbid.

421 2730 525 2787 nando
546 2728 766 2784 adolescente.”
794 2727 869 2784 lbid.
894 2731 938 2796 1¹1,
959 2738 984 2784 1.
1013 2726 1075 2784 cte.
1109 2732 1154 2794 18,
1169 2731 1217 2786 69.
1242 2757 1272 2767 -
1294 2672 1382 2784 Nulla
1403 2732 1504 2804 speeie
1524 2731 1644 2804 paterni
1663 2731 1763 2787 notui-

419 2806 498 2862 Ibid.
520 2810 545 2876 1.
564 2812 592 2861 2.
615 2834 650 2847 -
670 2803 793 2873 ,Labeo
814 2802 953 2877 Segulius
974 2814 1079 2860 narrat
1108 2806 1155 2859 nis
1177 2821 1231 2860 nec
1252 2805 1361 2877 pietate
1381 2803 1528 2861 abductus
1553 2822 1684 2936 rumpam
1704 2815 1760 2861 est.
1850 2823 1854 2831 ·

421 2883 496 2938 mihi
515 2879 593 2954 apud
608 2879 766 2937 Caesarem
780 2898 812 2936 se
826 2879 917 2935 fuisse
934 2910 964 2921 -
981 2882 1076 2955 ipsum
1107 2878 1183 2936 Ibid.
1210 2880 1325 2946 20,16.
1350 2908 1381 2919 ··
1403 2879 1597 2936 Proiectusa
1632 2878 1764 2937 D.Bru-

422 2957 586 3015 Caesarem
606 2954 680 3010 nibil
705 2973 777 3011 sane
802 2955 837 3010 de
856 2964 885 3010 te
907 2955 1079 3028 (Cicerone)
1108 2966 1168 3011 tuin
1190 2951 1387 3010 liberandum.
1413 2953 1545 3030 Philipp.
1564 2964 1611 3019 et,
1627 2964 1656 3022 2,
1676 2956 1703 3012 lt.
1728 2984 1758 2995 -

445 3044 584 3096 nestum,
607 3033 665 3086 nisi
685 3029 796 3086 dietum
817 3030 894 3086 tired
917 3031 1030 3087 diceret
1050 3041 1078 3086 te
1108 3030 1134 3087 'l'
1137 3033 1244 3086 entium
1265 3031 1329 3086 eius
1350 3031 1498 3105 proelium
1511 3028 1590 3105 apud
1603 3029 1761 3087 Mutinam.

422 3052 550 3171 dixisse,
572 3051 1002 3174 laudandumadolescentem,
1024 3124 1078 3162 or·
1107 3104 1184 3163 lbid.
1205 3109 1242 3172 5,
1262 3109 1291 3163 6.
1316 3136 1346 3145 -
1368 3105 1412 3162 Ιιιι
1435 3117 1585 3163 oratorem
1604 3106 1762 3181 appellan-

422 3183 569 3245 nandnm,
594 3182 771 3237 tollendum:
793 3201 825 3237 se
842 3200 1078 3238 nonessccom-
1108 3181 1176 3238 dum
1204 3192 1315 3237 conset.
1357 3179 1401 3237 lbi
1426 3225 1432 3236 .
1455 3191 1509 3250 10,
1532 3189 1576 3242 28.
1600 3212 1630 3221 -
1654 3181 1761 3239 Castra

423 3264 598 3324 missurum,
614 3269 646 3312 ut
660 3257 724 3312 tolli
739 3258 865 3330 pressit.'‘
893 3258 930 3314 D.
946 3257 1078 3313 Brutus:
1110 3256 1270 3312 multarum
1289 3256 1439 3329 legionum
1460 3259 1564 3332 paucis
1586 3257 1761 3314 cohortibus

421 3335 499 3390 lbid.
523 3341 571 3397 20,
597 3348 621 3389 1.
652 3333 804 3389 (31111ιί1.
826 3337 893 3396 §ul-
915 3333 1011 3407 ctEp.
1029 3341 1075 3396 21,
1108 3343 1219 3388 tutatus
1240 3344 1294 3388 est.
1323 3331 1400 3389 Ibid.
1430 3333 1491 3390 cfr.
1511 3331 1583 3389 ibid.
1600 3337 1646 3399 11,
1662 3340 1762 3394 37.-

423 3420 450 3467 1.
478 3439 509 3448 -
533 3407 668 3479 ,Ludos
691 3427 766 3483 qnos
781 3408 919 3463 Caesaris
934 3409 1077 3464 uictoriae
1107 3408 1441 3483 FragtuAEpistolarum
1457 3409 1584 3465 adeum.
1611 3408 1762 3479 Fragtum.

422 3487 537 3543 Caesar
570 3483 745 3539 adolescens
779 3484 924 3558 (optimae
955 3486 1020 3557 spei
1050 3495 1078 3538 et
1108 3504 1137 3557 p.
1154 3489 1218 3542 162.
1244 3514 1274 3523 -
1299 3483 1436 3539 Caesaris
1458 3487 1543 3559 pueri
1564 3482 1692 3540 mirifica
1714 3487 1763 3540 in-

422 3562 617 3630 dignissimus
632 3559 774 3626 Caesare)
795 3562 876 3626 fecit,
892 3559 1023 3615 curari.''
1044 3560 1077 3618 C·
1108 3558 1189 3615 doles
1210 3561 1340 3614 virtutis.
1369 3559 1490 3616 Utinam
1510 3571 1571 3614 tatu
1590 3559 1762 3615 lucilerum

421 3637 551 3694 lintius:
574 3635 610 3691 ad
624 3635 705 3689 Fam.
723 3643 768 3699 11,
784 3644 830 3698 28,
844 3639 871 3694 6.
898 3665 927 3673 -
951 3637 988 3691 Α.
1005 3636 1033 3689 u.
1048 3654 1074 3690 c.
1107 3633 1265 3690 llorentem
1292 3645 1321 3689 et
1347 3635 1511 3691 honoribus
1540 3646 1568 3689 et
1594 3636 1690 3707 gratia
1711 3654 1762 3691 re-

423 3721 489 3770 710.
513 3721 583 3765 ante
603 3710 748 3784 proelium
771 3710 939 3766 lllutinense
961 3710 997 3765 ad
1018 3710 1077 3766 Fo-
1108 3728 1177 3782 gere
1198 3730 1232 3765 ac
1252 3722 1356 3764 tenere
1372 3712 1536 3783 possimus,
1564 3729 1652 3784 quain
1673 3711 1761 3767 l'ecile

422 3806 490 3843 rum
513 3785 685 3842 Cornelium
710 3797 775 3840 erat
795 3805 862 3840 cnm
883 3784 969 3840 lirmo
990 3804 1077 3840 exer·
1107 3785 1203 3842 adhuc
1222 3787 1385 3841 tenuimus!
1422 3786 1598 3842 Pseudocic.
1621 3786 1658 3840 ad
1672 3784 1759 3842 Brut.

423 3866 497 3918 citu.
526 3860 1075 3921 6111610.12.5,2.-(]0·.ιιι1Ρειιιι.
1109 3869 1176 3926 1,3·
1199 3891 1229 3900 -
1253 3860 1403 3935 Reliquias
1418 3862 1546 3917 bostium
1561 3861 1672 3916 Brutus
1688 3881 1761 3936 per-

425 3942 478 4001 16,
502 3939 604 4001 2'1‚'.>.
635 3966 664 3974 -
695 3937 729 3991 C.
754 3936 864 3993 Caesar
891 3937 1075 3998 adolescens,
1108 3937 1242 4011 sequitur
1263 3948 1292 3990 et
1312 3938 1434 3992 Cacsar.
1474 3937 1550 3994 Ibid.
1572 3966 1610 3979 -
1633 3937 1709 3992 Tum
1732 3946 1762 3993 et

422 4030 520 4087 paene
542 4013 640 4084 potius
661 4030 753 4085 puer,
785 4010 955 4066 incredibili
976 4031 1011 4067 ar
1032 4013 1077 4067 di·
1107 4011 1276 4067 facilitatem
1314 4024 1341 4066 et
1378 4014 1598 4087 providentiam
1632 4011 1761 4068 landabo

424 4089 494 4142 rina
517 4088 641 4161 quadarn
664 4099 762 4142 niente
777 4097 864 4161 atque
878 4090 988 4142 virtute
1002 4099 1075 4152 turri,
1107 4099 1198 4148 tuam,
1215 4106 1282 4142 curn
1296 4087 1483 4161 exploratum
1498 4091 1606 4144 habere
1621 4107 1762 4163 coepero,

423 4182 494 4218 cnm
523 4165 649 4217 inaximo
679 4164 764 4218 furor
794 4162 913 4218 arderet
940 4166 1075 4224 Antoriii,
1108 4162 1265 4219 Caesarem
1287 4162 1470 4229 bonoribus,
1500 4183 1575 4239 quos
1596 4167 1758 4237 acceperit,

423 4273 440 4283 -
464 4271 481 4282 -
503 4271 521 4281 ·
542 4235 745 4293 brutissimum
766 4240 926 4293 exercitum
948 4258 985 4292 ex
1000 4241 1078 4294 invi·
1108 4236 1356 4294 extraordinariis
1377 4241 1639 4295 lorecontentuoi.
1670 4240 1762 4294 Pseu-

423 4324 474 4369 cto
496 4332 606 4386 genere
627 4325 836 4369 veteranorum
857 4314 1076 4369 militumcom-
1108 4313 1226 4369 dobrut.
1249 4313 1285 4368 ad
1308 4315 1371 4370 Cic.
1398 4321 1479 4381 1,1.
1512 4346 1548 4358 -
1578 4315 1693 4370 bellum
1723 4312 1760 4370 ad

421 4394 544 4464 pararit
565 4393 777 4463 patrimonium
800 4409 835 4444 ue
863 4409 947 4444 snum
974 4389 1079 4445 effudit
1108 4390 1251 4446 blutinam
1273 4389 1450 4462 gerebatur,
1483 4391 1555 4446 nibil
1581 4392 1663 4445 utin
1685 4389 1762 4445 Cae-

422 4474 463 4532 (a.
486 4485 515 4520 u.
539 4484 565 4519 c.
592 4467 667 4539 710.)
689 4477 745 4520 cet.
814 4466 915 4540 ltilipp.
936 4472 969 4531 5,
992 4473 1026 4530 2,
1048 4471 1074 4524 3.
1107 4484 1174 4521 sare
1188 4467 1469 4540 reprehenderetur,
1487 4465 1629 4522 nonnulla
1646 4464 1760 4520 inllir-

420 4561 507 4616 seqq.
533 4570 563 4579 —
593 4540 627 4595 Ei
655 4540 692 4596 ab
720 4544 852 4597 Antonio
880 4539 1077 4596 obiiciebatur
1108 4545 1158 4596 tio.
1175 4574 1224 4584 --
1246 4540 1405 4597 Caesarem
1426 4545 1498 4597 meis
1516 4541 1649 4597 consiliis
1665 4539 1760 4595 adhuc

419 4619 548 4672 Aricina
569 4627 683 4682 ritater,
707 4618 786 4672 Atia.
828 4615 1019 4681 lbid.6,15.
1045 4646 1074 4656 -
1107 4615 1323 4691 gubernatum,
1351 4618 1506 4692 praeclara
1536 4621 1631 4690 ipsum
1661 4615 1760 4671 indole

420 4693 504 4748 OC.
529 4692 657 4755 Caesar,
681 4692 919 4758 (adolescentem
942 4689 1077 4767 appello)
1108 4691 1333 4766 adiitirabilique
1356 4695 1541 4754 constantia,
1572 4689 1761 4764 irrrprobissi-

419 4787 510 4845 quain
532 4778 561 4821 tu
584 4767 709 4822 salntem
724 4771 767 4823 rei
782 4767 919 4842 publicae
934 4768 1074 4822 attulisti!
1108 4769 1163 4822 iuis
1179 4769 1285 4822 litteris
1301 4768 1419 4843 quidam
1434 4765 1650 4840 fallacibusque
1666 4770 1762 4822 inter·

419 4862 510 4919 «lnam
535 4845 740 4916 improvisam,
764 4864 851 4917 quain
873 4844 1076 4917 repentinam!
1109 4841 1242 4918 pretibus
1257 4861 1290 4897 ac
1306 4845 1419 4898 nuntiis
1435 4842 1614 4916 impulerunt
1631 4846 1661 4897 in
1677 4860 1760 4916 spem

420 4921 554 4993 Philipp.
571 4925 598 4983 3,
616 4928 660 4981 11,
675 4926 720 4977 27.
741 4949 769 4957 -
790 4920 1078 4994 Aitiplissimaeeius
1108 4920 1304 4974 certissimam
1320 4917 1502 4974 consulatus.
1531 4918 1695 4974 Pseudocic
1722 4919 1760 4977 ad

421 4996 538 5053 laudes.
574 4995 703 5069 Philipp.
720 4998 832 5061 1,1,2.
855 5026 892 5037 -
913 4996 945 5051 C.
969 4993 1080 5051 Caesar
1109 4996 1194 5051 Brut.
1221 5004 1252 5059 1,
1277 5003 1321 5054 10.
1347 5024 1376 5034 -·
1408 4993 1463 5048 Hic
1484 4993 1675 5062 adolescens,
1705 5013 1760 5067 per

424 5074 550 5129 deorum
571 5072 782 5126 immortalium
803 5069 959 5137 beneficio,
986 5070 1079 5127 divini
1110 5090 1195 5149 quern
1223 5071 1318 5127 adhuc
1345 5088 1463 5134 sumus,
1495 5072 1520 5125 si
1541 5087 1645 5126 rerum
1671 5073 1760 5129 lateri

425 5149 538 5211 aniani,
569 5147 698 5214 ineenii,
727 5146 845 5202 consilii
866 5147 1079 5220 inagnitudine,
1110 5148 1261 5207 volumus,
1288 5146 1375 5203 lluxit
1399 5164 1437 5201 ex
1463 5147 1543 5203 lonte
1565 5148 1760 5205 consiliorum

426 5240 608 5305 quamquain
627 5241 680 5279 sua
701 5234 808 5300 sponte
834 5225 998 5305 eximiaque
1019 5223 1082 5280 vir·
1110 5242 1254 5281 unorum.
1294 5223 1331 5281 Ei
1356 5242 1411 5300 ego
1438 5223 1558 5282 decrevi
1583 5227 1758 5306 imperium:
