4367 6084
847 657 977 733 428

843 805 940 887 ¹⁸?
969 801 1026 858 4.
1083 796 1182 854 An
1217 792 1374 853 idem
1406 793 1486 851 sit
1523 809 1659 849 cum
1685 799 1995 869 sequente,
2038 808 2148 850 ne-

846 892 997 931 scio.

916 966 989 1023 L.
1039 964 1348 1023 Oea-avius
1388 920 1585 1020 Licca
1608 1003 1624 1029 ,
1693 959 1887 1018 Marci
1921 961 2143 1027 frater,

750 1090 754 1099 .
841 1042 1017 1100 huius
1045 1039 1311 1096 absentis
1337 1054 1580 1095 causam
1612 1039 1734 1114 egit
1771 1053 1828 1094 a.
1853 1054 1916 1094 u.
1939 1054 1994 1095 c.
2010 1038 2142 1096 6⁸0.

842 1117 1021 1176 Verr.
1060 1116 1346 1172 Accusat.
1389 1120 1444 1179 1,
1485 1118 1580 1181 118,
1623 1118 1753 1173 125.

917 1209 1005 1267 Μ.
1050 1207 1364 1266 Octavius
1402 1206 1620 1273 Licca.
1662 1215 1929 1273 senator,
1973 1206 2148 1261 heres

844 1284 912 1343 C.
955 1282 1213 1359 Sulpicii
1252 1282 1497 1358 Olympi
1548 1283 1710 1339 circa
1751 1301 1804 1338 a.
1832 1299 1893 1338 u.
1924 1298 1979 1336 c.
2011 1286 2143 1340 680.

840 1359 1023 1417 Verr.
1064 1359 1348 1417 Accusat.
1396 1368 1467 1424 1,
1504 1358 1610 1423 48.
1654 1362 1783 1416 125.
1856 1358 2143 1414 Accusat.

840 1444 901 1502 2,
934 1442 990 1502 7,
1018 1440 1113 1493 21.
1149 1465 1219 1480 —
1246 1432 1408 1490 -Euni
1449 1434 1762 1508 pecuniam
1802 1430 1879 1489 ob
1920 1431 2013 1488 ius
2051 1429 2148 1486 di-

841 1511 1098 1568 cendum
1195 1510 1431 1584 oposcit
1487 1506 1735 1565 Verres.
1829 1505 1981 1564 Ibid.
2031 1509 2141 1574 48,

841 1593 976 1645 119.
1020 1613 1090 1627 -
1188 1625 1205 1641 .
1247 1592 1308 1641 et
1333 1583 1414 1640 Μ.
1449 1583 1686 1640 Octavii
1724 1582 1981 1657 Ligures
2021 1582 2148 1639 ira-

840 1673 992 1730 tres,
1034 1658 1287 1718 tribuni·
1328 1658 1367 1715 1.
1395 1658 1605 1716 eodem
1628 1676 1791 1715 anno
1816 1662 1948 1719 672.
1990 1656 2145 1732 (675.

840 1735 1054 1813 Varr.)
1094 1735 1253 1811 apud
1343 1735 1565 1809 ighinm
1606 1740 1667 1794 5.
1709 1753 1770 1809 p.
1801 1735 1933 1792 266.

919 1829 1231 1888 Octavius
1260 1828 1572 1886 Mahmms
1612 1826 1689 1885 ad
1712 1828 1843 1885 Ait.
1878 1830 1936 1895 9,
1971 1834 2063 1896 10,
2093 1831 2146 1888 5.

846 1905 983 1962 vide
1025 1905 1362 1963 Manutius.
1553 1930 1559 1936 ·

918 1998 1231 2056 Ocravms
1258 1995 1526 2064 Manus,
1564 2015 1676 2071 per
1702 1996 2146 2053 inversionem=

841 2074 1087 2133 Marsus
1129 2071 1442 2130 Oea-avius
1481 2070 1713 2145 legatus
1751 2071 1822 2128 P.
1867 2070 2150 2128 Dolabel-

824 2149 959 2235 ¹lae,
1000 2149 1368 2225 praemissus
1406 2145 1483 2203 ab
1511 2166 1582 2204 eo
1611 2149 1670 2203 in
1700 2145 1942 2220 Syriam
1982 2154 2062 2215 (a.
2085 2166 2146 2203 ιι.

843 2243 898 2281 c.
932 2229 1126 2293 711.);
1169 2223 1494 2279 sceleratus
1530 2222 1689 2278 latro
1729 2230 1907 2298 atque
1946 2240 2149 2297 egens.

842 2299 1103 2375 Philipp.
1150 2306 1254 2366 11,
1301 2305 1371 2364 2,
1415 2300 1471 2356 4.
1561 2298 1831 2358 Marsum
1894 2298 2153 2374 appellat

842 2376 1023 2433 ctiam
1073 2374 1170 2449 Ap
1215 2375 1387 2430 ianus
1432 2371 1506 2430 B.
1550 2372 1619 2430 C.
1663 2374 1735 2439 4.
1783 2378 1874 2432 62.
1931 2383 2146 2431 contra

840 2451 1108 2504 Marcum
1201 2454 1455 2503 clavium
1505 2448 1661 2514 (nisi
1699 2448 1816 2522 leg.
1859 2449 2148 2523 „Mo'tpo‘oc)

840 2525 959 2585 Dio
1017 2523 1186 2601 Cass„
1232 2526 1344 2589 47.
1389 2528 1484 2584 50.
1564 2523 1624 2580 Is
1677 2535 1885 2599 postea
1937 2541 2148 2581 manus

842 2598 958 2658 sihi
997 2602 1127 2676 ipse
1167 2598 1386 2656 intulit.
1466 2598 1733 2675 Appian.
1775 2598 1816 2655 l.
1858 2598 1901 2655 l.

914 2693 988 2752 L.
1035 2693 1348 2752 Octavius
1388 2691 1576 2751 Naso.
1656 2692 1802 2750 Eius
1851 2694 2025 2752 heres
2071 2692 2143 2750 L.

840 2769 1121 2836 Flavius,
1174 2780 1422 2845 praetor
1462 2768 1809 2844 designatus
1857 2774 1949 2838 (a.
1991 2788 2048 2825 n.
2088 2789 2142 2827 c.

843 2845 1006 2920 695.)
1084 2843 1159 2901 ad
1200 2843 1273 2917 Q.
1302 2843 1407 2901 Fr.
1453 2857 1509 2912 1,
1552 2851 1609 2913 2,
1651 2848 1706 2910 5,
1749 2850 1842 2903 10.

917 2938 1199 2997 Onusta
1264 2937 1533 2996 Homeri.
1638 2936 1837 2996 Varro
1901 2938 2142 3017 Fragm.

840 3034 902 3092 p.
932 3020 1064 3075 265.
1145 3013 1281 3090 Bip.

917 3108 1195 3166 Omrssn
1263 3107 1480 3166 Latina
1555 3107 1714 3166 Livii
1784 3106 2141 3167 Andronici.

840 3183 1011 3242 Brut.
1059 3190 1151 3250 18,
1198 3188 1290 3242 71.

917 3277 1234 3335 Onrssne
1273 3287 1507 3353 portus.
1564 3277 1740 3334 Verr.
1771 3279 2054 3335 Accusat.
2084 3283 2140 3346 5,

839 3355 950 3418 54.
994 3360 1086 3414 87.
1152 3351 1468 3411 Ὀδυσσεία
1519 3352 1687 3428 ἄκρα
1740 3353 1898 3428 apud
1943 3353 2181 3412 Ptole-
2673 3421 2681 3429 ¹
2736 3421 2744 3429 ,
3042 3419 3051 3428 .

2178 3436 2179 3442 “
2204 3418 2517 3494 Olympiae
2554 3428 2859 3492 excipiunt
2885 3421 3276 3487 gravissimas
3301 3418 3516 3494 plagas

838 3446 1093 3491 meeum,
1132 3437 1398 3484 extrema
1437 3429 1505 3485 in
1545 3427 1922 3485 meridionali
1958 3430 2143 3486 latere

839 3501 1084 3560 Siciliae
1122 3505 1516 3579 proximaque
1555 3503 1865 3577 Pachyno.

915 3595 1181 3654 Oznxrus
1219 3596 1350 3654 Laii
1391 3594 1570 3654 illius.
1628 3596 1700 3653 de
1726 3596 1874 3654 Fato
1916 3605 2007 3665 15,
2045 3602 2139 3660 50.

837 3668 989 3728 Ihid.
1013 3672 1105 3739 14.
1124 3676 1216 3735 55.
1239 3697 1310 3715 -
1333 3671 1457 3729 cfr.
1472 3671 1883 3729 Alexandrum
1903 3675 2142 3748 Aphro-

838 3745 1159 3803 disienseni
1187 3747 1258 3804 de
1287 3746 1433 3804 Fato
1462 3751 1557 3807 51.
1590 3767 1648 3822 p.
1683 3754 1776 3808 98.
1817 3747 1929 3805 Ed.
1963 3747 2141 3806 Orel-

837 3821 924 3879 lii.
979 3851 1057 3865 —
1109 3821 1376 3898 Oedipus
1414 3823 1682 3880 Athenas
1737 3824 1908 3881 exsul
1957 3825 2140 3881 venit.

838 3895 1040 3953 ‘Varro
1077 3897 1182 3955 Fr.
1226 3916 1285 3972 p.
1316 3900 1448 3956 295.
1522 3895 1658 3974 Bip.

837 4073 875 4124 2
914 3988 1190 4128 (gagga,
1244 3990 1565 4075 Deianifae
1615 4002 1809 4068 pater.
1892 3992 2138 4052 Tuscul.

881 4108 897 4136 ,
982 4109 998 4134 ,
1122 4108 1136 4123 .

915 4160 1248 4219 Oenomaus
1276 4160 1733 4237 (Hippodamiae
1757 4167 1979 4238 pater),
2017 4164 2140 4220 Ac-

836 4237 921 4382 gii
941 4236 1177 4381 1i'glnzla.
1236 4237 1482 4294 'l'uscuL
1513 4243 1569 4306 5,
1601 4247 1693 4308 12,
1725 4242 1817 4297 26.
1874 4238 1951 4295 ad
1975 4239 2137 4297 Fam.

914 4407 1260 4474 Ommnon,
1307 4406 1439 4464 Chii
1479 4425 1610 4463 rex.
1691 4407 1862 4467 Arat.
1900 4425 1960 4463 v.
2003 4411 2133 4469 675.

912 4500 1231 4560 ΟειιοτιιιΑ
1272 4499 1346 4558 ab
1384 4499 1654 4559 Oenotro
1693 4519 1836 4575 rege
1878 4499 2138 4559 Sabino-

836 4596 993 4634 rum.
1077 4577 1275 4636 Varro
1314 4576 1417 4634 Fr.
1460 4596 1520 4653 p.
1559 4580 1691 4638 364.
1771 4576 1908 4654 Bip.

915 4671 1090 4730 Ona-A
1113 4674 1240 4728 sive
1263 4670 1546 4729 Onasus
1576 4689 1746 4727 mons
1767 4673 1924 4729 inter
1945 4672 1998 4728 T
2004 4673 2136 4729 hes-

838 4747 1048 4803 saliam
1087 4758 1147 4804 et
1187 4747 1620 4805 Macedoniam.
1692 4747 1765 4804 de
1791 4747 1929 4804 Nat.
1961 4748 2035 4804 1).
2077 4755 2161 4818 5„

840 4828 932 4891 16,
977 4828 1069 4882 ln.
1151 4823 1336 4881 Tusc.
1378 4830 1433 4889 2,
1479 4830 1534 4889 7,
1582 4829 1669 4881 19.

913 4915 1181 4975 Orsus.
1233 4915 1384 4975 Vide
1414 4917 1488 4991 Q.
1509 4918 1842 4975 Lucam-ms
1870 4917 2138 4977 Oret-LA.

913 5010 989 5066 A.
1022 5009 1278 5068 Onuus
1317 5011 1542 5087 (potius
1582 5031 1758 5088 quam
1801 5010 2130 5076 Orrimus).

839 5083 915 5139 ad
952 5083 1116 5140 Fam.
1160 5094 1226 5151 7,
1268 5095 1363 5145 21.
1424 5086 1496 5143 ad
1537 5091 1720 5144 Attic.
1766 5091 1836 5152 8,
1882 5090 1974 5146 57.
2037 5093 2127 5154 15,

836 5162 934 5227 57,
976 5161 1033 5218 4.
1099 5160 1275 5219 ICtus
1312 5161 1542 5248 detquo
1582 5162 1948 5238 Pomponius
1985 5162 2028 5219 1.
2071 5171 2127 5221 2.

1353 653 1448 719 L.
1492 649 1969 720 OCTAVIUS
2006 648 2305 716 LIGUR
2353 678 2435 693 —
2484 647 3018 747 oLYMPIAS.

2205 788 2468 878 equestri
2520 790 2746 878 ordine·
2782 790 3225 878 perseveravit.
3306 789 3373 847 Is
3400 790 3529 878 ‚fuit

2204 865 2450 953 Caesari
2470 865 2971 952 familiarissimus
2994 876 3053 923 et
3072 863 3266 923 libros
3294 864 3372 923 de
3395 884 3528 925 inre

2203 940 2808 1103 z:‚*.f‡2.¹’¹f·::;;:;¹.⁰;..t‘
2825 952 3529 1103 mmm}

2202 1088 2434 1166 legibus
2487 1108 2804 1148 vicesimae
2854 1102 2915 1147 et
2967 1091 3042 1148 de
3095 1091 3528 1151 iurisdictione

2203 1168 2432 1242 primus
2453 1166 2694 1223 conseri
2738 1168 2836 1223 sit.
2865 1165 3029 1224 Idem
3050 1166 3317 1224 edictum
3339 1167 3530 1226 Prae-

2202 1242 2354 1298 toris
2382 1245 2614 1315 primus
2641 1241 2702 1297 di
2727 1243 2964 1316 igenter
2984 1245 3349 1318 composuit,
3384 1261 3528 1302 nam

2204 1327 2343 1373 ante
2381 1334 2516 1373 eum
2546 1315 2794 1375 Servius
2838 1315 2989 1374 duos
3026 1315 3221 1376 libros
3263 1317 3345 1375 ad
3371 1317 3529 1376 Bru-

2203 1404 2328 1449 tum
2366 1409 2655 1468 perquam
2695 1390 3086 1450 brevissimos
3131 1392 3214 1451 ad
3253 1394 3526 1453 edictum

2204 1467 2580 1543 subscriptos
2605 1467 2908 1545 reliquit.“
2940 1498 3004 1509 —
3034 1467 3126 1526 De
3151 1487 3229 1526 eo
3258 1488 3319 1525 v.
3353 1469 3527 1527 Dod-

2207 1542 2412 1614 wellpus
2484 1545 2546 1600 in
2619 1542 2897 1619 Append.
2956 1542 3155 1601 Prael.
3220 1542 3520 1603 camden.

2202 1638 2263 1706 p.
2310 1625 2437 1678 780.
2492 1618 2641 1675 Ean.
2719 1619 2873 1676 Item
2911 1619 3076 1677 Gnil.
3118 1618 3415 1677 Grotinm
3451 1620 3526 1678 dc

2201 1693 2999 1856 iiitiiuiftxrgz.v{lilliici1:
3009 1704 3213 1857 ’Βῧιιξζ
3237 1694 3526 1845 pagine:

2203 1854 2336 1905 rat.
2398 1843 2557 1900 unde
2610 1855 2671 1902 et
2720 1864 2783 1902 in
2836 1861 3020 1902 cansa
3075 1844 3311 1903 Siliana
3369 1846 3531 1905 illius

2182 1972 2183 1980 ,
2207 1921 2539 1976 sententiae
2561 1918 2795 1978 subscri
2841 1923 2992 1978 sisse
3013 1922 3236 1977 mirum
3260 1939 3391 1978 non
3414 1934 3526 1980 est.

2208 1995 2488 2052 Huschke
2524 1997 2756 2049 Studien
2828 2036 2843 2051 .
2896 2016 2958 2071 p.
3001 2003 3095 2056 16.
3180 1995 3357 2053 Idem
3403 1998 3531 2055 for·

2209 2083 2366 2127 tasse
2409 2080 2502 2127 est
2539 2070 2830 2128 Onnuus
2870 2071 2964 2128 vel
2999 2069 3282 2137 Oratus,
3327 2073 3533 2132 credi-

2206 2156 2306 2203 tor
2346 2145 2662 2204 Ciceronis
2708 2145 2780 2203 ad
2821 2147 2988 2204 Fam.
3034 2150 3125 2214 16,
3168 2149 3267 2214 24,
3316 2156 3376 2205 1.

2285 2248 2525 2306 Οαῐσεε
2576 2268 2688 2307 rex
2736 2257 2907 2308 2100.
2950 2268 3140 2307 annos
3182 2261 3325 2306 ante
3369 2250 3534 2309 Var-

2207 2327 2376 2381 ronis
2428 2336 2697 2400 tempora
2739 2323 2979 2382 Thebas
3030 2326 3343 2383 condidit:
3400 2329 3530 2384 eius

2208 2400 2629 2474 cataclysmos.
2701 2399 2899 2458 Varro
2938 2400 3062 2458 RR.
3103 2407 3161 2467 5,
3210 2409 3267 2470 1,
3313 2409 3355 2459 2
3382 2412 3447 2459 ct
3471 2408 3526 2464 5.
3561 2426 3570 2433 ·

2205 2474 2406 2532 Varro
2448 2474 2746 2553 Fragmm.
2790 2495 2851 2552 p.
2882 2481 3014 2538 235.
3096 2474 3239 2552 Bip.

2285 2578 2511 2636 Oanos
2539 2581 2743 2636 Aiacis
2771 2577 2957 2636 Locri
2983 2589 3156 2655 pater
3185 2581 3250 2636 in
3280 2578 3526 2655 Sopho-

2207 2655 2313 2712 clis
2354 2656 2539 2712 Aiace
2580 2655 2796 2712 Locro.
2874 2654 3062 2712 Tusc.
3100 2660 3159 2722 5,
3204 2661 3303 2723 29,
3347 2664 3441 2717 71.

2282 2757 2511 2827 Onam,
2570 2756 2886 2817 Sardiniae
2927 2756 3239 2834 oppidum.
3316 2757 3396 2815 ad
3435 2756 3512 2830 Q.

2204 2833 2306 2891 Fr.
2338 2840 2395 2900 2,
2435 2839 2491 2900 5,
2530 2843 2584 2896 7.
2640 2833 2793 2892 Ibid.
2828 2839 2887 2900 6,
2928 2840 2983 2893 7.
3039 2835 3353 2898 Olbiensi's,
3395 2835 3515 2890 sei-

2203 2909 2342 2967 licet
2382 2911 2656 2986 epistola,
2699 2909 2761 2966 id
2802 2920 2914 2979 est,
2958 2908 3172 2967 Olbiae
3215 2911 3469 2987 scripta.

2282 3012 2626 3080 Omnium,
2669 3010 2744 3069 ah
2774 3011 3055 3088 Olympo,
3089 3013 3319 3088 oppido
3345 3011 3524 3070 Pam·

2205 3089 2463 3163 phyliae.
2518 3118 2581 3129 —
2639 3088 3118 3221 Olymgenornm
3169 3108 3352 3165 agros
3410 3108 3524 3164 po-

2206 3168 2348 3239 pulo
2389 3163 2658 3221 Romano
2698 3164 2769 3222 P.
2865 3163 3059 3221 ervilii
3102 3165 3363 3220 victoria
3413 3164 3523 3224 ad-

2205 3241 2417 3296 iunxit.
2459 3239 2532 3296 de
2552 3240 2681 3317 lege
2703 3258 2832 3315 agr.
2859 3251 2911 3307 1,
2935 3248 2991 3307 2,
3017 3245 3072 3299 5.
3108 3237 3197 3295 lb.
3220 3248 3280 3307 2,
3311 3244 3403 3306 19,
3428 3246 3520 3300 50.

2278 3342 2584 3400 Ouuru.
2643 3342 2853 3400 Gloria
2894 3341 3059 3399 ducti
3095 3342 3520 3401 adolescentes

2202 3504 2260 3551 et
2299 3495 2502 3551 ferunt
2538 3494 2795 3550 silentio.
2853 3493 3098 3550 Tuscnl.
3140 3502 3211 3559 2,
3258 3502 3371 3563 20,
3415 3497 3515 3556 46.

2203 3570 2273 3627 de
2303 3568 2414 3626 Or.
2453 3576 2510 3636 5,
2554 3574 2649 3636 52,
2696 3577 2824 3628 127.
2881 3568 2953 3626 de
2978 3569 3118 3627 Nat.
3148 3568 3226 3624 D.
3258 3577 3318 3636 2,
3353 3575 3418 3637 2,
3456 3579 3513 3629 6.

2278 3672 2583 3739 Omni-u,
2615 3690 2805 3728 orum.
2862 3671 3285 3746 Olympiorum
3314 3673 3520 3730 victo-

2199 3751 2290 3805 ria
2349 3748 2584 3804 athletis
2645 3747 2986 3805 consulatus
3046 3747 3143 3803 ille
3223 3751 3516 3825 antiquus

2203 3824 2456 3881 videtur.
2540 3822 2783 3880 Tuscnl.
2843 3833 2912 3888 2,
2970 3829 3074 3888 17,
3130 3821 3228 3879 41.
3291 3851 3357 3863 —
3415 3823 3518 3881 Ab

2201 3898 2497 3976 Olympiis
2536 3916 2822 3956 coronam
2861 3907 3087 3974 petere.
3176 3895 3324 3973 opt.
3367 3916 3513 3976 gen.

2200 3994 2291 4032 or.
2337 3979 2394 4042 5,
2439 3979 2495 4034 8.

2275 4077 2664 4135 Omni-neus
2704 4094 2941 4134 cursus.
3021 4075 3167 4134 Her.
3213 4078 3252 4136 4
3270 4119 3287 4144 ‚
3333 4081 3408 4144 3.
3453 4083 3514 4138 ὁ.

2200 4152 2323 4211 cfr.
2351 4153 2633 4211 Matthiae
2655 4153 2782 4211 Cic.
2809 4153 2962 4228 Epp.
2980 4153 3085 4209 sel.
3110 4151 3226 4210 Ed.
3252 4160 3307 4210 2.
3336 4157 3516 4230 p.92.

2769 4265 2922 4322 Vide
2961 4265 3195 4322 Musae.

2272 4379 2587 4436 Ommrma
2614 4382 2805 4453 prima
2834 4378 3044 4437 CVIII.
3071 4380 3250 4435 annis
3269 4420 3285 4444 ,
3329 4390 3505 4464 post-

2197 4473 2370 4529 quam
2417 4455 2734 4530 Lycurgus
2787 4456 2947 4530 leges
2999 4453 3273 4510 scrihere
3325 4457 3506 4511 insti-

2195 4532 2338 4597 tuit;
2380 4549 2557 4607 quam
2596 4530 2836 4606 quidam
2879 4530 3139 4586 nominis
3181 4548 3390 4588 errore
3424 4528 3505 4588 ab

2196 4606 2401 4665 eodem
2438 4607 2721 4680 Lycurgo
2762 4609 3094 4664 institutam
3135 4617 3369 4682 putant.
3431 4606 3508 4665 de

2197 4683 2342 4759 nep.
2387 4690 2441 4750 2,
2490 4690 2579 4749 10,
2621 4689 2711 4741 18.

2200 4863 2209 4874 ι
2269 4786 2606 4874 Ouarna-s,
2656 4785 2917 4917 Philip‘pi
2958 4782 3309 4842 Macedonis
3348 4805 3513 4845 con-

2195 4881 2318 4929 iux,
2348 4882 2420 4938 pe
2466 4872 2582 4918 erit
2601 4863 2831 4918 Alexan
2879 4879 3009 4917 rum
3039 4880 3106 4917 ea
3138 4873 3339 4928 nocte,
3385 4881 3511 4941 qna

2196 4939 2420 4995 Dianae
2489 4940 2726 5013 phesiae
2745 4936 3027 5009 templum
3046 4935 3119 4994 ab
3138 4936 3510 4996 Herostraho

2275 4265 2689 4324 Oumrnnts.

2194 5017 2502 5071 incensum
2557 5011 2973 5088 conflagravit.
3057 5011 3378 5088 Magorum
3434 5032 3510 5071 ea

2193 5089 2264 5146 de
2305 5109 2371 5147 re
2410 5107 2790 5165 responsum.
2849 5087 2920 5143 de
2949 5086 3149 5144 Divin.
3187 5096 3243 5153 1,
3276 5092 3372 5154 25,
3407 5093 3510 5150 47.

2193 5164 2264 5221 de
2284 5165 2422 5222 Nat.
2445 5164 2518 5222 D.
2550 5170 2606 5231 2,
2639 5172 2731 5230 27,
2763 5169 2856 5222 69.
2901 5191 2963 5204 -
3009 5161 3323 5240 Olympias
3351 5163 3508 5221 dra-

837 5238 891 5306 ς.
929 5232 1026 5294 ss.
1067 5233 1141 5292 D·
1191 5233 1266 5292 de
1313 5253 1472 5312 orig.
1525 5239 1715 5296 inrisa
1772 5235 2029 5311 ,Ofilius
2070 5240 2134 5297 in
2189 5257 2401 5299 conem
2439 5238 2655 5298 alebat.
2711 5240 2784 5298 de
2809 5237 3011 5297 Divin.
3041 5246 3099 5307 2,
3127 5241 3224 5307 66,
3257 5242 3389 5300 155.
3427 5268 3497 5283 «-
