4367 6084
456 698 463 727 Ι
499 623 561 690 306
943 616 982 684 C.
1011 615 1168 683 IULIUS
1191 615 1388 684 CAESAR.

498 764 602 821 deum:
624 781 680 820 nec
701 761 859 826 simulant,
881 768 914 815 ut
927 777 994 816 cum
1008 758 1044 815 de
1057 759 1150 815 Pom·
1178 777 1232 815 sua
1252 757 1419 814 clementia.
1447 756 1493 814 lb.
1516 757 1572 834 Ep.
1590 764 1634 818 16.
1646 760 1682 817 Α.
1700 788 1738 802 -
1757 759 1833 818 Cae-

497 832 958 915 peioaegrotovotaiaciebaot.
978 833 1040 892 Sed
1052 835 1150 909 plane,
1178 853 1229 889 sar
1266 845 1404 890 senatum
1435 801 1503 889 ltat.
1544 835 1643 909 April.
1686 834 1764 892 velle
1802 855 1833 892 se

499 915 643 992 quidquid
670 912 739 969 mali
759 911 808 968 bic
826 911 1003 967 Pisistratus
1024 928 1085 965 non
1107 911 1150 966 ie·
1179 910 1363 986 frequentem
1412 909 1517 966 adesse
1566 914 1656 967 etiam
1704 910 1835 969 Formiis

499 992 592 1055 cerit,
614 1001 674 1046 tam
693 998 810 1061 gratum
831 997 891 1053 est,
914 1004 1001 1063 quam
1019 985 1046 1041 si
1059 983 1149 1041 alium
1180 982 1330 1060 proscribi
1357 986 1453 1042 iussit.
1498 983 1545 1041 ΙΙ).
1572 985 1629 1060 ΕΙ).
1659 991 1713 1052 17,
1743 994 1770 1043 1.
1799 1018 1836 1031 -

497 1067 598 1123 facere
617 1062 815 1140 prohibuerit.
843 1061 1095 1129 adAtt.8,16‚
1120 1072 1147 1119 1.
1180 1061 1336 1118 Ciceronis
1377 1078 1444 1117 curn
1483 1059 1612 1118 Caesare
1652 1060 1836 1147 colloquium

498 1142 662 1198 -Paucis
683 1139 803 1215 quidem
823 1135 940 1203 verbis,
973 1137 1025 1193 sed
1046 1138 1077 1194 ἐν
1096 1134 1150 1193 δι)-
1180 1136 1292 1192 iuutile.
1321 1133 1366 1192 ΙΙ).
1383 1135 1440 1212 ΕΙ).
1465 1145 1510 1201 18,
1535 1143 1562 1195 1.
1587 1166 1617 1176 -
1641 1136 1723 1210 Quot
1744 1156 1776 1193 ιιι
1797 1139 1834 1194 iis

498 1215 588 1295 roipert
608 1215 646 1273 ad
666 1233 711 1270 me
731 1215 856 1343 scripsit
869 1210 999 1270 Caesam
1021 1209 1066 1268 ΙΙ).
1081 1210 1149 1267 Lib.
1180 1213 1288 1268 castris
1317 1223 1421 1280 erant,
1454 1210 1562 1288 quibus
1589 1212 1752 1288 Pompeius
1774 1216 1837 1270 eir-

499 1295 528 1360 9,
549 1293 578 1355 6,
601 1298 629 1351 6.
654 1290 779 1346 -Eius
811 1288 927 1345 itterae.
953 1288 998 1344 lb.
1020 1300 1044 1351 a.
1065 1293 1091 1344 7.
1113 1287 1150 1342 Α.
1178 1286 1413 1344 cumsideretur!
1444 1288 1676 1364 Sexlegiones.'
1708 1287 1835 1346 Multum

498 1365 621 1422 -Eius
641 1367 758 1422 litterae
778 1363 814 1420 ad
829 1361 956 1420 Balbum
976 1373 1005 1419 et
1019 1362 1151 1449 Oppium
1182 1363 1298 1437 vigilat,
1320 1362 1420 1419 audet.
1457 1362 1503 1420 ΙΙ).
1535 1368 1558 1433 §-
1587 1369 1615 1420 2.
1638 1362 1836 1421 -Caesaris

501 1459 573 1498 sana
587 1450 686 1498 mente
701 1440 842 1515 scriptae,
859 1439 1009 1515 quomodo
1023 1439 1055 1494 in
1069 1446 1149 1494 tanta
1180 1438 1328 1494 asseclae:
1350 1437 1420 1494 Vidi
1434 1439 1497 1513 ipse
1510 1438 1641 1496 Formiis
1655 1442 1833 1515 universos:

500 1517 628 1581 insania.
668 1514 714 1573 ΙΙ).
737 1515 761 1573 Ε
787 1557 793 1570 .
824 1521 859 1582 7,
882 1518 909 1572 5.
936 1513 1046 1581 -ld,
1072 1512 1150 1589 quod
1181 1532 1276 1590 neque
1296 1514 1465 1570 mehercule
1480 1532 1612 1592 unquam
1626 1516 1765 1571 homines
1780 1534 1835 1591 pu·

499 1604 606 1650 nostro
627 1591 737 1649 iudicio
757 1535 916 1648 Caesarem
939 1590 1038 1646 iacere
1059 1607 1150 1663 opor·
1180 1593 1256 1656 tari;
1279 1599 1308 1646 et
1329 1608 1436 1645 noram
1455 1604 1577 1657 omnes,
1606 1590 1659 1647 sed
1682 1609 1834 1667 nunquam

499 1679 564 1725 tere
591 1670 811 1733 existimamus,
843 1673 875 1720 ut
908 1664 997 1722 simul
1027 1665 1152 1728 Romami
1180 1662 1484 1721 unolocouidereim.
1510 1663 1588 1723 lbid.
1607 1670 1653 1734 19,
1672 1676 1698 1724 1.
1715 1666 1835 1722 -Ple-

499 1747 618 1800 venerit
648 1751 740 1817 (post
768 1739 964 1798 Brundisium
993 1737 1149 1814 captum),
1179 1747 1265 1817 rique
1286 1750 1395 1816 negant
1415 1739 1575 1798 Caesarem
1602 1743 1633 1798 in
1654 1741 1834 1799 condicione

499 1830 569 1894 agat
595 1819 630 1876 de
659 1817 906 1877 reconciliatione
936 1818 1050 1889 gratiae
1081 1833 1151 1870 suae
1180 1834 1372 1872 mansurum:
1404 1815 1610 1894 postulataque
1636 1817 1711 1873 baec
1741 1816 1780 1873 ab
1799 1834 1834 1872 eo

500 1895 743 1970 etPompeii,ex
757 1896 822 1967 ipso
836 1894 1043 1965 cognovimus.
1066 1887 1152 1948 Balbi
1181 1893 1358 1966 interposita
1395 1909 1476 1956 esse,
1510 1910 1569 1968 quo
1605 1894 1722 1960 minus,
1756 1891 1835 1969 quod

501 1980 530 2027 et
550 1969 644 2045 Oppii
662 1969 717 2044 Ep.
738 1969 776 2024 ad
790 1968 968 2025 Ciceronem
997 1970 1088 2022 missa
1114 1965 1152 2022 ad
1180 1986 1256 2041 opus
1282 1978 1362 2023 esset
1381 1966 1419 2023 ad
1438 1965 1567 2034 bellum,
1598 1967 1724 2024 anobis
1744 1986 1835 2046 para·

501 2045 565 2101 Att.
587 2051 623 2113 9,
647 2054 673 2106 7.
695 2045 733 2100 Α.
758 2073 788 2084 -
811 2042 921 2101 ctas
948 2040 1011 2098 .Β.
1031 2040 1067 2097 de
1088 2043 1151 2099 eius
1181 2051 1275 2099 retur.
1316 2042 1499 2112 Egoautem
1519 2061 1586 2099 eum
1621 2045 1836 2113 utoiactarum

501 2118 842 2177 clementia-Elusa
866 2063 954 2175 istoia
969 2117 1005 2174 ad
1020 2116 1150 2192 Oppium
1181 2128 1213 2173 ut
1240 2117 1389 2193 praesidia
1417 2118 1554 2175 deducat.
1596 2063 1831 2186 Picerit'enim,

500 2206 531 2252 et
551 2194 676 2252 Balbum
696 2197 798 2251 missa.
825 2138 870 2249 lb.
892 2193 943 2260 C.;
966 2197 996 2250 in
1017 2212 1073 2278 qua
1095 2194 1152 2249 boe
1180 2196 1207 2250 si
1226 2193 1334 2251 consul
1353 2194 1450 2250 lactus
1471 2198 1545 2261 crit,
1572 2204 1603 2250 et
1628 2197 1748 2251 minore
1767 2213 1834 2251 sce-

500 2269 575 2327 dicit
594 2273 674 2328 inter
693 2269 769 2327 alia:
798 2268 861 2338 „L.
884 2268 999 2327 Sullam
1019 2268 1152 2324 imitatu·
1180 2269 1244 2327 lere
1264 2269 1390 2336 vicerit,
1412 2289 1500 2346 quam
1521 2289 1580 2347 quo
1600 2273 1757 2344 ingressus
1776 2280 1831 2327 est.

498 2364 553 2403 ros
574 2365 635 2403 uon
654 2343 866 2403 sum.''-Per
886 2355 1059 2420 praetorem
1078 2362 1153 2400 con·
1181 2343 1218 2400 ad
1238 2345 1301 2400 Att.
1325 2351 1354 2414 7,
1375 2349 1421 2409 15,
1444 2351 1470 2406 5.
1491 2350 1533 2390 -‘
1548 2345 1622 2403 Cum
1643 2345 1758 2404 Caesar
1776 2347 1832 2402 ista

499 2423 578 2479 sules
607 2440 712 2479 creare
741 2419 878 2486 volebat,
917 2429 1024 2477 contra
1058 2418 1150 2492 leges.
1180 2419 1319 2477 mandata
1346 2419 1477 2477 dedisset
1502 2420 1539 2478 L.
1561 2421 1704 2491 Caesari,
1732 2420 1833 2493 debuit

500 2496 545 2554 ΙΙ).
568 2497 625 2574 ΕΙ).
647 2501 677 2565 9,
698 2501 723 2557 5.
748 2526 779 2537 -
802 2495 958 2554 Ciceronis
978 2491 1095 2552 litterae
1115 2495 1151 2552 ad
1180 2514 1245 2552 esse
1259 2495 1348 2571 paulo
1362 2496 1508 2572 quietior,
1530 2497 1601 2558 dum
1616 2490 1771 2575 respons&=
1784 2516 1833 2554 re-

500 2571 661 2630 Caesarem
681 2575 805 2639 tuissae,
836 2569 944 2649 quibus
973 2589 1041 2626 eum
1060 2571 1153 2627 Pom-
1180 2573 1349 2627 lerreotur:
1383 2572 1495 2643 dicitur
1524 2585 1624 2633 autern
1653 2594 1736 2631 nune
1766 2591 1830 2630 esse

521 2652 568 2705 eio
597 2650 796 2706 reconciliare
825 2646 924 2703 studet
950 2645 1096 2724 simulque
1116 2647 1151 2703 de
1180 2650 1357 2704 acerrimus.
1385 2645 1431 2704 ΙΙ).
1452 2646 1508 2721 ΕΙ).
1530 2656 1583 2715 17,
1605 2650 1635 2708 1.
1659 2648 1833 2706 -Treba-

498 2668 628 2782 [entulo
660 2723 823 2799 Spiotbere
864 2719 927 2780 lilio
969 2733 1151 2778 conservato
1181 2725 1238 2779 tius
1259 2721 1378 2853 quidem
1403 2722 1509 2779 scribit
1537 2743 1569 2782 se
1588 2744 1606 2781 a
1626 2723 1755 2783 Caesare
1773 2722 1829 2779 lx.

499 2809 613 2873 gratias
640 2804 711 2876 agit.
748 2798 785 2855 ad
811 2797 875 2854 Att.
901 2804 939 2866 9,
967 2807 1020 2856 11.
1048 2799 1085 2854 Α.
1118 2827 1148 2838 -
1180 2797 1246 2854 Kal.
1287 2797 1351 2855 ebr.
1371 2809 1508 2873 rogatum
1528 2818 1612 2867 esse,
1633 2811 1665 2857 ut
1683 2799 1832 2857 scriberet

498 2875 652 2933 Dolabella
672 2874 726 2932 111.
754 2874 824 2934 Idus
846 2873 934 2930 Mart.
956 2872 1151 2947 aBrundisio
1180 2872 1301 2939 adme,
1332 2884 1366 2929 ut
1386 2893 1482 2933 essem
1502 2876 1539 2932 ad
1560 2873 1681 2933 orbem:
1709 2875 1783 2932 nibil
1804 2876 1832 2930 ei

499 2951 578 3008 banc
596 2952 764 3028 εὐημερίαν
782 2950 867 3027 quasi
881 2949 1020 3006 Caesaris
1034 2945 1151 3014 scribit,
1180 2967 1226 3004 me
1246 2950 1366 3024 gratius,
1381 2950 1480 3008 iacere
1499 2969 1599 3025 posse.
1636 2949 1776 3009 Intellexi
1795 2969 1831 3005 ex

498 3025 675 3102 Pompeium
694 3029 725 3087 ἰιι
745 3025 814 3100 iuga
827 3043 893 3080 esse
907 3042 1033 3102 cunique
1051 3027 1151 3099 primo
1178 3025 1294 3080 dierum
1308 3025 1443 3094 ratione,
1459 3026 1634 3101 utqrriurum
1649 3026 1685 3084 de
1698 3027 1832 3087 discessu

497 3112 589 3159 vento
609 3102 828 3175 navigaturum.
855 3098 899 3155 ΙΙ).
921 3099 977 3174 ΕΙ).
998 3105 1044 3166 15,
1067 3106 1093 3157 1.
1114 3129 1152 3142 ·-
1182 3108 1285 3155 nostro
1307 3099 1419 3157 Caesar
1439 3103 1586 3168 audisset,
1605 3098 1746 3159 laborare
1765 3119 1831 3158 eum

499 3177 639 3236 Caesaris
660 3173 852 3233 confidentia.
875 3173 919 3231 ΙΙ).
942 3188 955 3239 a
983 3175 1010 3231 t.
1028 3206 1058 3216 —
1075 3174 1151 3232 Cae·
1180 3176 1332 3250 coepisse,
1364 3194 1399 3232 ne
1427 3196 1531 3234 ornnes
1550 3176 1734 3234 abessemos.
1772 3177 1832 3232 lta-

498 3255 576 3310 saris
606 3251 707 3311 breuis
737 3251 862 3326 epistola
893 3251 929 3307 ad
962 3249 1009 3326 Op
1032 3252 1093 3307 ium
1123 3262 1152 3307 et
1180 3269 1236 3328 que
1267 3270 1328 3307 non
1356 3250 1475 3320 dubito,
1510 3255 1591 3330 quin‘
1612 3253 1649 3309 ad
1679 3254 1829 3317 Pisonem,

498 3327 624 3386 Balbum
655 3331 762 3384 missa:
795 3355 826 3369 -
857 3327 916 3398 ,,Α.
947 3326 976 3383 d.
1011 3270 1075 3382 ΙῙΙΙ.
1106 3325 1149 3384 Id.
1180 3329 1253 3404 quin
1276 3327 1312 3383 ad
1333 3323 1475 3384 Servium
1495 3331 1664 3405 scripserit.
1694 3329 1739 3386 Ib.
1762 3341 1786 3392 t.
1806 3333 1831 3387 5.

498 3403 589 3462 Mart.
621 3402 815 3460 Brundisium
846 3403 932 3458 veni:
966 3401 1002 3458 ad
1033 3420 1151 3458 urorum
1183 3402 1391 3460 —Caesarem
1404 3405 1541 3480 quidem,
1565 3404 1598 3460 L.
1615 3404 1745 3462 Caesare
1766 3423 1832 3462 cum

497 3491 597 3612 {Pila
618 3481 714 3611 plosui.
725 3476 914 3610 ΝΡιΙιΙιΙιςίιι)
928 3489 973 3608 εἷ)
985 3476 1151 3579 Brundisii.
1181 3477 1328 3564 mandatis
1348 3479 1478 3611 gelpqce
1498 3483 1607 3611 iqisgo,
1628 3491 1729 3613 taquen
1750 3483 1833 3537 aiunt

532 3574 567 3612 ist
602 3573 617 3611 a
660 3573 706 3611 me
758 3571 918 3610 ..amm
959 3570 975 3607 e
1016 3571 1079 3610 ace.
1118 3583 1148 3593 -
1180 3572 1327 3611 acerrime
1369 3574 1493 3611 eccum
1535 3573 1641 3625 aere,
1674 3574 1832 3613 ocaoccu-

497 3630 571 3688 Eius
590 3628 725 3704 Epistola
748 3627 785 3684 ad
806 3573 855 3700 0.ιζ
866 3573 1014 3685 Pediumli
1036 3629 1150 3700 ,Pom-
1181 3648 1269 3702 pare,
1291 3629 1407 3687 vincire
1429 3631 1597 3704 praesidiis.
1636 3631 1663 3687 0
1684 3633 1833 3709 perditum

498 3709 584 3781 peius
604 3724 636 3762 se
656 3704 768 3780 oppido
787 3713 878 3759 tenet.
903 3703 968 3760 Nos
989 3702 1025 3759 ad
1047 3714 1150 3778 portas
1180 3706 1343 3771 latronem!
1364 3725 1382 3763 o
1403 3707 1453 3763 vix
1474 3706 1534 3763 ullo
1555 3709 1617 3764 otio
1633 3726 1833 3782 compensan-

498 3789 598 3837 castra
620 3779 773 3853 habemus.
814 3778 967 3851 Conamur
990 3797 1066 3854 opus
1088 3798 1151 3834 rna·
1180 3779 1248 3836 dam
1275 3782 1352 3838 banc
1380 3781 1582 3859 reipublicae
1602 3783 1833 3858 turpitudinem!

498 3873 589 3931 gnum
618 3855 835 3913 etmultorum
862 3855 994 3922 dierum,
1026 3864 1151 3930 propter
1179 3855 1223 3912 ΙΙ).
1255 3854 1312 3931 ΕΙ).
1345 3865 1396 3924 18,
1428 3866 1457 3916 2.
1490 3889 1524 3901 -
1554 3856 1715 3915 Caesarem
1746 3876 1831 3915 ruere

497 3929 684 3987 altitudinem
714 3930 817 3996 uraris.
858 3928 917 3987 Sed
947 3941 1048 3986 tatiien
1077 3926 1152 3986 nibil
1180 3933 1318 3988 nuntiant
1345 3941 1374 3988 et
1400 3934 1537 3990 iamiam
1561 3952 1596 3989 ue
1618 3933 1741 3999 adesse,
1771 3952 1830 3990 non

497 4005 640 4081 estquod
661 4006 929 4079 potiualaciamus.
955 4005 1003 4062 Ab
1022 4016 1150 4082 utroque
1178 4016 1212 4061 ut
1232 4025 1350 4063 inanum
1373 4019 1514 4067 conserat
1539 3953 1687 4086 pquocum
1714 4009 1831 4075 eoiial)

381 4089 385 4097 '
496 4092 604 4157 portus
631 4099 728 4138 corma
756 4081 849 4136 moles
875 4082 1017 4146 iacimus,
1048 4090 1080 4137 ut
1100 4091 1150 4136 aut
1179 4080 1232 4138 sed
1247 4083 1447 4155 ut--iugam
1460 4084 1650 4141 intercludat
1677 4079 1830 4143 lacertum

498 4156 583 4214 illum
619 4174 707 4233 quam
740 4159 869 4231 primum
898 4158 1040 4213 traiicere
1069 4157 1148 4234 quod
1178 4166 1242 4224 est,
1277 4156 1468 4218 Phalarimne
1501 4179 1540 4216 an
1568 4159 1762 4218 Pisistratum
1792 4165 1830 4215 sit

497 4231 586 4291 babet
600 4231 754 4289 Brundisii
776 4234 930 4308 copiarum
944 4252 1085 4307 cogamus
1100 4243 1151 4290 aut
1179 4235 1360 4290 imitaturus.
1401 4234 1445 4291 ΙΙ).
1477 4234 1534 4310 ΕΙ).
1567 4243 1619 4303 20,
1649 4244 1678 4295 2.
1706 4266 1743 4282 -
1763 4235 1830 4309 Ipse

498 4306 835 4384 exituprnbibeatuus.''
862 4307 900 4365 ad
913 4311 976 4366 Att.
999 4315 1028 4376 9,
1054 4310 1098 4377 tl,
1121 4321 1147 4368 1.
1179 4308 1291 4366 Caesar
1321 4328 1367 4366 me
1397 4310 1434 4367 ad
1459 4331 1563 4386 pacem
1590 4308 1739 4369 bortatur.
1769 4308 1828 4368 Sed

501 4413 532 4426 -
556 4384 664 4441 Variae
689 4401 752 4440 eius
773 4387 917 4441 actiones.
955 4383 1001 4440 ΙΙ).
1023 4383 1078 4459 ΕΙ).
1102 4393 1147 4448 15,
1179 4385 1363 4460 antiquiores
1384 4385 1520 4454 litterae,
1546 4405 1635 4466 quam
1655 4405 1742 4444 ruere
1762 4405 1830 4442 coe-

499 4469 575 4519 t.-
597 4458 776 4530 ,Audiimus
790 4460 964 4535 Pompeium
978 4479 1005 4515 a.
1021 4459 1050 4516 d.
1064 4459 1148 4516 XVI.
1180 4460 1231 4532 pit.
1268 4457 1313 4515 lb.
1347 4460 1402 4534 Ep.
1434 4471 1486 4529 21,
1515 4471 1543 4525 3.
1583 4462 1639 4538 Ep.
1670 4468 1722 4528 25,
1746 4468 1773 4522 5.
1797 4490 1827 4499 -

497 4535 564 4592 Kal.
586 4536 685 4610 April.
707 4542 744 4601 (s.
765 4533 843 4592 Idib.
869 4535 955 4592 biart.
976 4535 1014 4592 ad
1035 4540 1097 4591 att.
1119 4538 1148 4599 9,
1179 4534 1205 4591 0
1234 4534 1418 4593 celeritatem
1446 4536 1650 4596 incredibilem
1677 4535 1829 4594 Caesaris!

498 4614 545 4678 at,
561 4615 601 4686 5.)
621 4631 688 4668 cum
710 4609 847 4668 omuibus
868 4613 980 4687 copiis,
1002 4630 1076 4686 quas
1096 4611 1151 4668 ba·
1182 4641 1212 4651 -
1236 4611 1283 4667 Tu
1306 4611 1427 4668 caedem
1451 4632 1512 4670 non
1533 4617 1598 4670 siue
1617 4629 1704 4669 causa
1727 4613 1827 4675 times3

497 4683 613 4753 buerit,
635 4686 898 4762 prolectumesse:
921 4687 1150 4762 Caesarempo-
1180 4705 1240 4743 non
1278 4706 1338 4763 quo
1377 4691 1476 4760 tuinus
1515 4689 1675 4768 quidquam
1708 4686 1831 4745 Caesari

498 4773 579 4819 atero
599 4763 646 4819 die
666 4766 696 4818 in
717 4763 859 4837 oppidum
886 4765 1043 4838 introisse;
1075 4781 1150 4818 cou—
1179 4762 1317 4838 expediat
1353 4763 1390 4821 ad
1426 4765 1649 4823 diuturnitatem
1685 4764 1831 4820 victoriac

496 4840 642 4895 tionatma
670 4856 752 4904 esse;
784 4838 853 4894 iude
874 4837 997 4895 Romam
1023 4849 1150 4894 conten·
1178 4849 1208 4894 et
1246 4839 1479 4902 dominationis:
1521 4841 1574 4897 sed
1612 4840 1716 4904 rideo,
1759 4859 1832 4916 quo-

499 4911 595 4969 disse:
623 4914 699 4971 velle
720 4924 787 4970 ante
808 4912 874 4971 Kal.
894 4932 959 4970 esse
979 4913 1015 4968 ad
1037 4911 1149 4970 Urbem
1177 4933 1244 4970 rom
1267 4914 1394 4972 arbitrio
1415 4919 1454 4972 sit
1473 4929 1608 4973 acturus.
1637 4915 1682 4973 ΙΙ).
1705 4916 1760 4991 ΕΙ).
1782 4923 1827 4981 22,

499 4997 528 5073 et
544 5008 668 5117 Ιιιιιοο)Ι
682 4991 744 5047 dies
765 4987 806 5044 ibi
825 4990 1021 5076 commorari3
1043 4988 1149 5044 deiude
1179 5000 1206 5048 1.
1229 5022 1263 5034 -
1284 4989 1376 5047 Plane
1397 5010 1481 5060 eunt,
1513 4995 1561 5048 cui
1581 4992 1700 5050 Gnaeus
1728 5003 1831 5076 noster

499 5063 711 5213 ilal‘izllli
726 5061 1149 5226 ’ἓἸΙ”“ἰῖι”·ι.Ι“3ἶἽῖΙῖ
1178 5065 1320 5216 ἓῖἶῗζέἒῖ.
1335 5066 1833 5219 ⁰1⁰⁸t¹ll¹lnl²ftltt529.

498 5242 536 5258 -
551 5211 688 5271 Caesaris
702 5214 837 5290 Epistola
856 5214 895 5272 ad
914 5213 1092 5274 Ciceronem
1113 5213 1149 5272 de
1159 5225 1166 5257 ¹
1176 5218 1239 5275 suis
1253 5215 1344 5275 rebus
1357 5219 1450 5296 gestis
1464 5218 1657 5298 amplissimis
1666 5218 1832 5276 '’-inimi-

1540 5497 1553 5531 b
