<?xml version="1.0" encoding="UTF-8"?>
<!DOCTYPE html PUBLIC "-//W3C//DTD XHTML 1.0 Transitional//EN"
    "http://www.w3.org/TR/xhtml1/DTD/xhtml1-transitional.dtd">
<html xmlns="http://www.w3.org/1999/xhtml" xml:lang="en" lang="en">
 <head>
  <title>
</title>
<meta http-equiv="Content-Type" content="text/html;charset=utf-8" />
  <meta name='ocr-system' content='tesseract 3.04.00' />
  <meta name='ocr-capabilities' content='ocr_page ocr_carea ocr_par ocr_line ocrx_word'/>
</head>
<body>
  <div class='ocr_page' id='page_1' title='image "./operaquaesupers01halmgoog/operaquaesupers01halmgoog_0190.png"; bbox 0 0 4367 6084; ppageno 0'>
   <div class='ocr_carea' id='block_1_1' title="bbox 810 3069 1336 3130">
    <p class='ocr_par' dir='ltr' id='par_1_1' title="bbox 810 3069 1336 3130">
     <span class='ocr_line' id='line_1_1' title="bbox 810 3069 1336 3130; baseline -0.006 -4"><span class='ocrx_word' id='word_1_1' title='bbox 810 3106 815 3111; x_wconf 93' lang='lat'><em>-</em></span> <span class='ocrx_word' id='word_1_2' title='bbox 901 3072 969 3126; x_wconf 90' lang='lat' dir='ltr'><strong>P.</strong></span> <span class='ocrx_word' id='word_1_3' title='bbox 1015 3069 1303 3124; x_wconf 76' lang='lat' dir='ltr'><strong>Lentulus</strong></span> <span class='ocrx_word' id='word_1_4' title='bbox 1325 3112 1336 3130; x_wconf 84' lang='lat'><strong>.</strong></span> 
     </span>
    </p>
   </div>
   <div class='ocr_carea' id='block_1_2' title="bbox 815 4195 2204 4274">
    <p class='ocr_par' dir='ltr' id='par_1_2' title="bbox 815 4195 2204 4274">
     <span class='ocr_line' id='line_1_2' title="bbox 815 4195 2204 4274; baseline 0.001 -21"><span class='ocrx_word' id='word_1_5' title='bbox 815 4271 819 4274; x_wconf 11' lang='grc' dir='ltr'><strong><em>ᾖ</em></strong></span> <span class='ocrx_word' id='word_1_6' title='bbox 912 4218 979 4254; x_wconf 83' lang='lat' dir='ltr'><strong>re</strong></span> <span class='ocrx_word' id='word_1_7' title='bbox 1018 4195 1252 4271; x_wconf 86' lang='lat' dir='ltr'><strong>publica</strong></span> <span class='ocrx_word' id='word_1_8' title='bbox 1298 4197 1687 4252; x_wconf 87' lang='lat' dir='ltr'><strong>minueretur.</strong></span> <span class='ocrx_word' id='word_1_9' title='bbox 1734 4201 1789 4252; x_wconf 89' lang='lat' dir='ltr'><strong>in</strong></span> <span class='ocrx_word' id='word_1_10' title='bbox 1823 4197 1996 4254; x_wconf 81' lang='lat' dir='ltr'><strong>Catil.</strong></span> <span class='ocrx_word' id='word_1_11' title='bbox 2041 4203 2106 4260; x_wconf 79' lang='grc'><strong>·’1,</strong></span> <span class='ocrx_word' id='word_1_12' title='bbox 2153 4204 2204 4258; x_wconf 78' lang='grc'><strong>6.</strong></span> 
     </span>
    </p>
   </div>
   <div class='ocr_carea' id='block_1_3' title="bbox 817 567 3373 699">
    <p class='ocr_par' dir='ltr' id='par_1_3' title="bbox 817 567 3373 699">
     <span class='ocr_line' id='line_1_3' title="bbox 817 567 3373 699; baseline -0.009 -6"><span class='ocrx_word' id='word_1_13' title='bbox 817 669 849 693; x_wconf 40' lang='lat' dir='ltr'><strong>t</strong></span> <span class='ocrx_word' id='word_1_14' title='bbox 881 626 1004 692; x_wconf 79' lang='lat'><strong>180</strong></span> <span class='ocrx_word' id='word_1_15' title='bbox 1046 625 1130 690; x_wconf 86' lang='lat' dir='ltr'><strong>P.</strong></span> <span class='ocrx_word' id='word_1_16' title='bbox 1179 567 1464 690; x_wconf 62' lang='lat' dir='ltr'><strong>coitu.</strong></span> <span class='ocrx_word' id='word_1_17' title='bbox 1515 618 1796 683; x_wconf 80' lang='lat' dir='ltr'><strong>LENT.</strong></span> <span class='ocrx_word' id='word_1_18' title='bbox 1859 568 2344 699; x_wconf 61' lang='lat' dir='ltr'><strong>emmaus.</strong></span> <span class='ocrx_word' id='word_1_19' title='bbox 2378 647 2460 658; x_wconf 89' lang='lat'>-</span> <span class='ocrx_word' id='word_1_20' title='bbox 2510 613 2592 677; x_wconf 87' lang='lat' dir='ltr'><strong>P.</strong></span> <span class='ocrx_word' id='word_1_21' title='bbox 2629 609 2711 678; x_wconf 80' lang='lat' dir='ltr'><strong>c,</strong></span> <span class='ocrx_word' id='word_1_22' title='bbox 2746 612 2833 677; x_wconf 85' lang='grc' dir='ltr'><strong>ι..</strong></span> <span class='ocrx_word' id='word_1_23' title='bbox 2865 609 3373 681; x_wconf 71' lang='lat' dir='ltr'><strong>srmnssn.</strong></span> 
     </span>
    </p>
   </div>
   <div class='ocr_carea' id='block_1_4' title="bbox 883 749 3547 826">
    <p class='ocr_par' dir='ltr' id='par_1_4' title="bbox 883 749 3547 826">
     <span class='ocr_line' id='line_1_4' title="bbox 883 749 3547 826; baseline -0.007 -2"><span class='ocrx_word' id='word_1_24' title='bbox 883 787 942 824; x_wconf 96' lang='grc' dir='ltr'><strong>ιι.</strong></span> <span class='ocrx_word' id='word_1_25' title='bbox 1012 785 1067 823; x_wconf 91' lang='lat' dir='ltr'><strong>e.</strong></span> <span class='ocrx_word' id='word_1_26' title='bbox 1137 772 1266 825; x_wconf 89' lang='grc'><strong>710.</strong></span> <span class='ocrx_word' id='word_1_27' title='bbox 1336 758 1834 817; x_wconf 80' lang='lat' dir='ltr'><strong>familiarissimus</strong></span> <span class='ocrx_word' id='word_1_28' title='bbox 1906 755 2207 819; x_wconf 48' lang='lat' dir='ltr'><strong>Antoniis*</strong></span> <span class='ocrx_word' id='word_1_29' title='bbox 2241 756 2395 819; x_wconf 62' lang='lat'><strong>69¹„</strong></span> <span class='ocrx_word' id='word_1_30' title='bbox 2446 753 2693 810; x_wconf 86' lang='lat' dir='ltr'><strong>consule</strong></span> <span class='ocrx_word' id='word_1_31' title='bbox 2738 751 3067 820; x_wconf 82' lang='lat' dir='ltr'>Cicerone,</span> <span class='ocrx_word' id='word_1_32' title='bbox 3117 749 3447 826; x_wconf 80' lang='lat' dir='ltr'>splendore</span> <span class='ocrx_word' id='word_1_33' title='bbox 3487 751 3547 807; x_wconf 87' lang='lat' dir='ltr'><strong>in</strong></span> 
     </span>
    </p>
   </div>
   <div class='ocr_carea' id='block_1_5' title="bbox 811 831 2184 1282">
    <p class='ocr_par' dir='ltr' id='par_1_5' title="bbox 811 831 2184 1282">
     <span class='ocr_line' id='line_1_5' title="bbox 883 831 2184 900; baseline -0.012 0"><span class='ocrx_word' id='word_1_34' title='bbox 883 843 1025 900; x_wconf 90' lang='lat' dir='ltr'><strong>mihi</strong></span> <span class='ocrx_word' id='word_1_35' title='bbox 1065 842 1241 896; x_wconf 87' lang='lat' dir='ltr'><strong>homo</strong></span> <span class='ocrx_word' id='word_1_36' title='bbox 1278 837 1670 899; x_wconf 86' lang='lat' dir='ltr'><strong>coniunctus,</strong></span> <span class='ocrx_word' id='word_1_37' title='bbox 1717 831 1939 889; x_wconf 87' lang='lat' dir='ltr'><strong>nullam</strong></span> <span class='ocrx_word' id='word_1_38' title='bbox 1979 850 2042 886; x_wconf 84' lang='lat' dir='ltr'><strong>se</strong></span> <span class='ocrx_word' id='word_1_39' title='bbox 2077 833 2184 886; x_wconf 87' lang='lat' dir='ltr'><strong>ha-</strong></span> 
     </span>
     <span class='ocr_line' id='line_1_6' title="bbox 882 910 2184 990; baseline -0.012 -15"><span class='ocrx_word' id='word_1_40' title='bbox 882 918 1025 975; x_wconf 89' lang='lat' dir='ltr'><strong>bere</strong></span> <span class='ocrx_word' id='word_1_41' title='bbox 1066 916 1472 990; x_wconf 82' lang='lat' dir='ltr'><strong>provinciam,</strong></span> <span class='ocrx_word' id='word_1_42' title='bbox 1520 910 1738 965; x_wconf 88' lang='lat' dir='ltr'><strong>nullam</strong></span> <span class='ocrx_word' id='word_1_43' title='bbox 1767 910 2016 963; x_wconf 78' lang='lat' dir='ltr'><strong>Antonii</strong></span> <span class='ocrx_word' id='word_1_44' title='bbox 2055 925 2184 961; x_wconf 87' lang='lat' dir='ltr'><strong>sor-</strong></span> 
     </span>
     <span class='ocr_line' id='line_1_7' title="bbox 883 984 2179 1057; baseline -0.008 -7"><span class='ocrx_word' id='word_1_45' title='bbox 883 997 1154 1050; x_wconf 81' lang='lat' dir='ltr'>titionem</span> <span class='ocrx_word' id='word_1_46' title='bbox 1205 991 1386 1044; x_wconf 77' lang='lat' dir='ltr'><strong>suisse</strong></span> <span class='ocrx_word' id='word_1_47' title='bbox 1436 986 1742 1041; x_wconf 83' lang='lat' dir='ltr'><strong>iudicavit.</strong></span> <span class='ocrx_word' id='word_1_48' title='bbox 1814 984 2071 1057; x_wconf 80' lang='lat' dir='ltr'><strong>Philipp.</strong></span> <span class='ocrx_word' id='word_1_49' title='bbox 2125 987 2179 1048; x_wconf 82' lang='lat'><strong>3,</strong></span> 
     </span>
     <span class='ocr_line' id='line_1_8' title="bbox 889 1057 2156 1135; baseline -0.013 -8"><span class='ocrx_word' id='word_1_50' title='bbox 889 1081 989 1134; x_wconf 86' lang='lat'><strong>10,</strong></span> <span class='ocrx_word' id='word_1_51' title='bbox 1034 1072 1126 1125; x_wconf 83' lang='lat'><strong>25.</strong></span> <span class='ocrx_word' id='word_1_52' title='bbox 1180 1094 1239 1104; x_wconf 91' lang='lat'>—</span> <span class='ocrx_word' id='word_1_53' title='bbox 1285 1063 1355 1118; x_wconf 90' lang='lat' dir='ltr'><strong>L.</strong></span> <span class='ocrx_word' id='word_1_54' title='bbox 1388 1060 1677 1117; x_wconf 85' lang='lat' dir='ltr'><strong>Lentulus</strong></span> <span class='ocrx_word' id='word_1_55' title='bbox 1720 1059 2048 1135; x_wconf 89' lang='lat' dir='ltr'><strong>proconsul</strong></span> <span class='ocrx_word' id='word_1_56' title='bbox 2078 1057 2156 1112; x_wconf 81' lang='lat' dir='ltr'><strong>Ili</strong></span> 
     </span>
     <span class='ocr_line' id='line_1_9' title="bbox 811 1135 2182 1216; baseline -0.009 -14"><span class='ocrx_word' id='word_1_57' title='bbox 811 1150 815 1158; x_wconf 87' lang='lat'>&#39;</span> <span class='ocrx_word' id='word_1_58' title='bbox 885 1147 1152 1216; x_wconf 85' lang='lat' dir='ltr'><strong>spaniae.</strong></span> <span class='ocrx_word' id='word_1_59' title='bbox 1212 1159 1264 1194; x_wconf 84' lang='lat' dir='ltr'><strong>a.</strong></span> <span class='ocrx_word' id='word_1_60' title='bbox 1316 1157 1375 1192; x_wconf 93' lang='lat' dir='ltr'><strong>u.</strong></span> <span class='ocrx_word' id='word_1_61' title='bbox 1435 1155 1485 1192; x_wconf 92' lang='lat' dir='ltr'><strong>c.</strong></span> <span class='ocrx_word' id='word_1_62' title='bbox 1539 1145 1664 1198; x_wconf 86' lang='grc'><strong>711.</strong></span> <span class='ocrx_word' id='word_1_63' title='bbox 1735 1137 1806 1190; x_wconf 91' lang='lat' dir='ltr'><strong>ad</strong></span> <span class='ocrx_word' id='word_1_64' title='bbox 1860 1135 2027 1189; x_wconf 85' lang='lat' dir='ltr'><strong>Fam.</strong></span> <span class='ocrx_word' id='word_1_65' title='bbox 2091 1143 2182 1199; x_wconf 83' lang='lat'><strong>10,</strong></span> 
     </span>
     <span class='ocr_line' id='line_1_10' title="bbox 885 1207 2181 1282; baseline -0.007 -9"><span class='ocrx_word' id='word_1_66' title='bbox 885 1226 990 1282; x_wconf 79' lang='lat'><strong>32,</strong></span> <span class='ocrx_word' id='word_1_67' title='bbox 1016 1226 1068 1278; x_wconf 81' lang='grc'><strong>5.</strong></span> <span class='ocrx_word' id='word_1_68' title='bbox 1110 1216 1272 1271; x_wconf 84' lang='lat' dir='ltr'><strong>Idem</strong></span> <span class='ocrx_word' id='word_1_69' title='bbox 1299 1215 1556 1270; x_wconf 83' lang='lat' dir='ltr'><strong>sortasse</strong></span> <span class='ocrx_word' id='word_1_70' title='bbox 1585 1230 1718 1268; x_wconf 91' lang='lat' dir='ltr'><strong>eum</strong></span> <span class='ocrx_word' id='word_1_71' title='bbox 1747 1210 2008 1266; x_wconf 74' lang='lat' dir='ltr'><strong>ssaininis</strong></span> <span class='ocrx_word' id='word_1_72' title='bbox 2035 1207 2181 1265; x_wconf 80' lang='lat' dir='ltr'><strong>filio.</strong></span> 
     </span>
    </p>
   </div>
   <div class='ocr_carea' id='block_1_6' title="bbox 887 1304 2189 1593">
    <p class='ocr_par' dir='ltr' id='par_1_6' title="bbox 887 1304 2189 1593">
     <span class='ocr_line' id='line_1_11' title="bbox 960 1304 2186 1368; baseline -0.01 0"><span class='ocrx_word' id='word_1_73' title='bbox 960 1311 1037 1368; x_wconf 69' lang='lat' dir='ltr'><strong>Pa</strong></span> <span class='ocrx_word' id='word_1_74' title='bbox 1100 1311 1439 1366; x_wconf 63' lang='lat' dir='ltr'><strong>Comminus</strong></span> <span class='ocrx_word' id='word_1_75' title='bbox 1498 1306 1821 1362; x_wconf 64' lang='lat' dir='ltr'><strong>Lam-utus</strong></span> <span class='ocrx_word' id='word_1_76' title='bbox 1881 1304 2186 1360; x_wconf 69' lang='lat' dir='ltr'><strong>Carnisus</strong></span> 
     </span>
     <span class='ocr_line' id='line_1_12' title="bbox 887 1381 2185 1445; baseline -0.007 -4"><span class='ocrx_word' id='word_1_77' title='bbox 887 1385 1100 1441; x_wconf 90' lang='lat' dir='ltr'><strong>consul</strong></span> <span class='ocrx_word' id='word_1_78' title='bbox 1142 1407 1194 1440; x_wconf 87' lang='lat' dir='ltr'><strong>a.</strong></span> <span class='ocrx_word' id='word_1_79' title='bbox 1237 1403 1296 1439; x_wconf 94' lang='grc' dir='ltr'><strong>ιι.</strong></span> <span class='ocrx_word' id='word_1_80' title='bbox 1330 1403 1382 1438; x_wconf 90' lang='lat' dir='ltr'><strong>c.</strong></span> <span class='ocrx_word' id='word_1_81' title='bbox 1417 1389 1547 1442; x_wconf 85' lang='grc'><strong>518.</strong></span> <span class='ocrx_word' id='word_1_82' title='bbox 1606 1381 1775 1436; x_wconf 89' lang='lat' dir='ltr'><strong>Brut.</strong></span> <span class='ocrx_word' id='word_1_83' title='bbox 1826 1387 1926 1445; x_wconf 80' lang='grc'><strong>19,</strong></span> <span class='ocrx_word' id='word_1_84' title='bbox 1979 1385 2069 1437; x_wconf 94' lang='grc'><strong>77.</strong></span> <span class='ocrx_word' id='word_1_85' title='bbox 2117 1409 2185 1419; x_wconf 87' lang='grc'><strong>-</strong></span> 
     </span>
     <span class='ocr_line' id='line_1_13' title="bbox 887 1456 2189 1533; baseline -0.009 -15"><span class='ocrx_word' id='word_1_86' title='bbox 887 1461 1006 1520; x_wconf 87' lang='lat' dir='ltr'><strong>Ubi</strong></span> <span class='ocrx_word' id='word_1_87' title='bbox 1053 1462 1274 1516; x_wconf 85' lang='lat' dir='ltr'><strong>dicitur</strong></span> <span class='ocrx_word' id='word_1_88' title='bbox 1312 1459 1599 1533; x_wconf 76' lang='lat' dir='ltr'><strong>grandior</strong></span> <span class='ocrx_word' id='word_1_89' title='bbox 1648 1468 1788 1511; x_wconf 83' lang='lat' dir='ltr'><strong>natu</strong></span> <span class='ocrx_word' id='word_1_90' title='bbox 1832 1456 2016 1511; x_wconf 80' lang='lat' dir='ltr'><strong>fuisse</strong></span> <span class='ocrx_word' id='word_1_91' title='bbox 2057 1471 2189 1508; x_wconf 91' lang='lat' dir='ltr'><strong>cum</strong></span> 
     </span>
     <span class='ocr_line' id='line_1_14' title="bbox 889 1536 1473 1593; baseline -0.009 0"><span class='ocrx_word' id='word_1_92' title='bbox 889 1536 1113 1593; x_wconf 87' lang='lat' dir='ltr'><strong>Catone</strong></span> <span class='ocrx_word' id='word_1_93' title='bbox 1160 1536 1473 1591; x_wconf 81' lang='lat' dir='ltr'><strong>Censorio.</strong></span> 
     </span>
    </p>
   </div>
   <div class='ocr_carea' id='block_1_7' title="bbox 961 1632 2185 1700">
    <p class='ocr_par' dir='ltr' id='par_1_7' title="bbox 961 1632 2185 1700">
     <span class='ocr_line' id='line_1_15' title="bbox 961 1632 2185 1700; baseline -0.008 -4"><span class='ocrx_word' id='word_1_94' title='bbox 961 1640 1031 1696; x_wconf 90' lang='lat' dir='ltr'><strong>P.</strong></span> <span class='ocrx_word' id='word_1_95' title='bbox 1097 1639 1433 1695; x_wconf 73' lang='lat' dir='ltr'><strong>Conmzmus</strong></span> <span class='ocrx_word' id='word_1_96' title='bbox 1499 1636 1857 1700; x_wconf 60' lang='lat' dir='ltr'><strong>Lem-rrum,</strong></span> <span class='ocrx_word' id='word_1_97' title='bbox 1917 1653 2062 1689; x_wconf 86' lang='lat' dir='ltr'><strong>avus</strong></span> <span class='ocrx_word' id='word_1_98' title='bbox 2116 1632 2185 1688; x_wconf 89' lang='lat' dir='ltr'><strong>P.</strong></span> 
     </span>
    </p>
   </div>
   <div class='ocr_carea' id='block_1_8' title="bbox 890 1710 2213 1774">
    <p class='ocr_par' dir='ltr' id='par_1_8' title="bbox 890 1710 2213 1774">
     <span class='ocr_line' id='line_1_16' title="bbox 890 1710 2213 1774; baseline -0.008 -2"><span class='ocrx_word' id='word_1_99' title='bbox 890 1715 1132 1772; x_wconf 84' lang='lat' dir='ltr'><strong>Lentuli</strong></span> <span class='ocrx_word' id='word_1_100' title='bbox 1171 1716 1360 1768; x_wconf 74' lang='lat' dir='ltr'><strong>Surae</strong></span> <span class='ocrx_word' id='word_1_101' title='bbox 1392 1712 1761 1774; x_wconf 87' lang='lat' dir='ltr'><strong>Catilinarii,</strong></span> <span class='ocrx_word' id='word_1_102' title='bbox 1807 1710 2014 1765; x_wconf 89' lang='lat' dir='ltr'><strong>consul</strong></span> <span class='ocrx_word' id='word_1_103' title='bbox 2060 1711 2213 1763; x_wconf 44' lang='lat' dir='ltr'><strong>suf-¹</strong></span> 
     </span>
    </p>
   </div>
   <div class='ocr_carea' id='block_1_9' title="bbox 889 1783 2208 4196">
    <p class='ocr_par' dir='ltr' id='par_1_9' title="bbox 889 1783 2208 4196">
     <span class='ocr_line' id='line_1_17' title="bbox 889 1783 2185 1855; baseline -0.008 -8"><span class='ocrx_word' id='word_1_104' title='bbox 889 1793 1076 1847; x_wconf 84' lang='lat' dir='ltr'><strong>fectus</strong></span> <span class='ocrx_word' id='word_1_105' title='bbox 1132 1808 1266 1845; x_wconf 92' lang='lat' dir='ltr'><strong>cum</strong></span> <span class='ocrx_word' id='word_1_106' title='bbox 1317 1788 1425 1844; x_wconf 91' lang='lat' dir='ltr'><strong>Cn.</strong></span> <span class='ocrx_word' id='word_1_107' title='bbox 1484 1787 1748 1842; x_wconf 88' lang='lat' dir='ltr'><strong>Domitio</strong></span> <span class='ocrx_word' id='word_1_108' title='bbox 1797 1783 2185 1855; x_wconf 46' lang='lat' dir='ltr'><strong>Ae‘nuharb‘o.</strong></span> 
     </span>
     <span class='ocr_line' id='line_1_18' title="bbox 891 1863 2189 1937; baseline -0.006 -16"><span class='ocrx_word' id='word_1_109' title='bbox 891 1886 943 1921; x_wconf 89' lang='lat' dir='ltr'><strong>a.</strong></span> <span class='ocrx_word' id='word_1_110' title='bbox 972 1884 1033 1920; x_wconf 93' lang='lat' dir='ltr'><strong>u.</strong></span> <span class='ocrx_word' id='word_1_111' title='bbox 1068 1884 1121 1921; x_wconf 95' lang='lat' dir='ltr'><strong>c.</strong></span> <span class='ocrx_word' id='word_1_112' title='bbox 1150 1871 1307 1930; x_wconf 63' lang='lat'><strong>592„</strong></span> <span class='ocrx_word' id='word_1_113' title='bbox 1355 1865 1640 1937; x_wconf 88' lang='lat' dir='ltr'><strong>princeps</strong></span> <span class='ocrx_word' id='word_1_114' title='bbox 1683 1873 1958 1925; x_wconf 78' lang='lat' dir='ltr'><strong>senatuS,</strong></span> <span class='ocrx_word' id='word_1_115' title='bbox 2009 1863 2189 1916; x_wconf 80' lang='lat' dir='ltr'><strong>vitam</strong></span> 
     </span>
     <span class='ocr_line' id='line_1_19' title="bbox 889 1934 2191 2015; baseline -0.006 -19"><span class='ocrx_word' id='word_1_116' title='bbox 889 1942 1175 2015; x_wconf 85' lang='lat' dir='ltr'><strong>produxit</strong></span> <span class='ocrx_word' id='word_1_117' title='bbox 1220 1934 1404 2014; x_wconf 82' lang='lat' dir='ltr'><strong>usque</strong></span> <span class='ocrx_word' id='word_1_118' title='bbox 1453 1939 1524 1993; x_wconf 89' lang='lat' dir='ltr'><strong>ad</strong></span> <span class='ocrx_word' id='word_1_119' title='bbox 1569 1958 1621 1991; x_wconf 89' lang='lat' dir='ltr'><strong>a.</strong></span> <span class='ocrx_word' id='word_1_120' title='bbox 1666 1956 1724 1991; x_wconf 91' lang='lat' dir='ltr'><strong>u.</strong></span> <span class='ocrx_word' id='word_1_121' title='bbox 1773 1957 1824 1992; x_wconf 90' lang='lat' dir='ltr'><strong>c.</strong></span> <span class='ocrx_word' id='word_1_122' title='bbox 1875 1940 2032 2002; x_wconf 59' lang='lat'><strong>6332,</strong></span> <span class='ocrx_word' id='word_1_123' title='bbox 2075 1955 2191 2011; x_wconf 84' lang='lat' dir='ltr'><strong>quo</strong></span> 
     </span>
     <span class='ocr_line' id='line_1_20' title="bbox 893 2014 2193 2072; baseline -0.005 -1"><span class='ocrx_word' id='word_1_124' title='bbox 893 2023 954 2072; x_wconf 89' lang='lat' dir='ltr'><strong>in</strong></span> <span class='ocrx_word' id='word_1_125' title='bbox 998 2015 1252 2071; x_wconf 76' lang='lat' dir='ltr'><strong>tumultu</strong></span> <span class='ocrx_word' id='word_1_126' title='bbox 1280 2015 1642 2069; x_wconf 86' lang='lat' dir='ltr'><strong>Gracchano</strong></span> <span class='ocrx_word' id='word_1_127' title='bbox 1689 2014 2034 2067; x_wconf 82' lang='lat' dir='ltr'><strong>volneratus</strong></span> <span class='ocrx_word' id='word_1_128' title='bbox 2082 2028 2193 2065; x_wconf 87' lang='lat' dir='ltr'><strong>nec</strong></span> 
     </span>
     <span class='ocr_line' id='line_1_21' title="bbox 895 2083 2193 2176; baseline -0.005 -30"><span class='ocrx_word' id='word_1_129' title='bbox 895 2092 1081 2146; x_wconf 87' lang='lat' dir='ltr'><strong>multo</strong></span> <span class='ocrx_word' id='word_1_130' title='bbox 1141 2083 1295 2176; x_wconf 79' lang='lat' dir='ltr'><strong>post&#39;</strong></span> <span class='ocrx_word' id='word_1_131' title='bbox 1333 2101 1603 2144; x_wconf 87' lang='lat' dir='ltr'><strong>mortuus</strong></span> <span class='ocrx_word' id='word_1_132' title='bbox 1651 2099 1760 2143; x_wconf 90' lang='lat' dir='ltr'><strong>est.</strong></span> <span class='ocrx_word' id='word_1_133' title='bbox 1812 2117 1872 2126; x_wconf 87' lang='lat'><em>-</em></span> <span class='ocrx_word' id='word_1_134' title='bbox 1921 2088 2005 2142; x_wconf 93' lang='lat' dir='ltr'><strong>P.-</strong></span> <span class='ocrx_word' id='word_1_135' title='bbox 2038 2087 2193 2142; x_wconf 84' lang='lat' dir='ltr'><strong>Len-</strong></span> 
     </span>
     <span class='ocr_line' id='line_1_22' title="bbox 893 2160 2191 2260; baseline -0.005 -39"><span class='ocrx_word' id='word_1_136' title='bbox 893 2167 1082 2231; x_wconf 79' lang='lat' dir='ltr'><strong>tuluS,</strong></span> <span class='ocrx_word' id='word_1_137' title='bbox 1142 2185 1226 2232; x_wconf 82' lang='lat' dir='ltr'><strong>is,</strong></span> <span class='ocrx_word' id='word_1_138' title='bbox 1284 2167 1383 2260; x_wconf 67' lang='grc' dir='ltr'><strong>([ιιι</strong></span> <span class='ocrx_word' id='word_1_139' title='bbox 1430 2167 1714 2238; x_wconf 85' lang='lat' dir='ltr'><strong>princeps</strong></span> <span class='ocrx_word' id='word_1_140' title='bbox 1762 2174 2005 2217; x_wconf 90' lang='lat' dir='ltr'><strong>senatus</strong></span> <span class='ocrx_word' id='word_1_141' title='bbox 2060 2160 2191 2227; x_wconf 78' lang='lat' dir='ltr'><strong>fuit,</strong></span> 
     </span>
     <span class='ocr_line' id='line_1_23' title="bbox 896 2239 2195 2315; baseline -0.006 -18"><span class='ocrx_word' id='word_1_142' title='bbox 896 2241 1203 2298; x_wconf 74' lang='lat' dir='ltr'><strong>accusavit</strong></span> <span class='ocrx_word' id='word_1_143' title='bbox 1242 2239 1341 2296; x_wconf 82' lang='grc' dir='ltr'><strong>Μ.</strong></span> <span class='ocrx_word' id='word_1_144' title='bbox 1383 2241 1704 2315; x_wconf 82' lang='lat' dir='ltr'><strong>Aquillium</strong></span> <span class='ocrx_word' id='word_1_145' title='bbox 1749 2241 2026 2313; x_wconf 84' lang='lat' dir='ltr'><strong>(patrem,</strong></span> <span class='ocrx_word' id='word_1_146' title='bbox 2074 2257 2195 2293; x_wconf 89' lang='lat' dir='ltr'><strong>cos.</strong></span> 
     </span>
     <span class='ocr_line' id='line_1_24' title="bbox 894 2313 2188 2388; baseline -0.004 -16"><span class='ocrx_word' id='word_1_147' title='bbox 894 2337 947 2372; x_wconf 86' lang='lat' dir='ltr'><strong>a.</strong></span> <span class='ocrx_word' id='word_1_148' title='bbox 994 2335 1051 2371; x_wconf 88' lang='lat' dir='ltr'><strong>u.</strong></span> <span class='ocrx_word' id='word_1_149' title='bbox 1104 2334 1157 2371; x_wconf 93' lang='lat' dir='ltr'><strong>c.</strong></span> <span class='ocrx_word' id='word_1_150' title='bbox 1212 2320 1389 2382; x_wconf 82' lang='grc'><strong>625.),</strong></span> <span class='ocrx_word' id='word_1_151' title='bbox 1440 2314 1853 2388; x_wconf 84' lang='lat' dir='ltr'><strong>subscriptore</strong></span> <span class='ocrx_word' id='word_1_152' title='bbox 1908 2314 1974 2370; x_wconf 89' lang='lat' dir='ltr'><strong>C.</strong></span> <span class='ocrx_word' id='word_1_153' title='bbox 2026 2313 2188 2368; x_wconf 82' lang='lat' dir='ltr'><strong>Ruti·</strong></span> 
     </span>
     <span class='ocr_line' id='line_1_25' title="bbox 894 2388 2195 2462; baseline -0.004 -16"><span class='ocrx_word' id='word_1_154' title='bbox 894 2392 975 2448; x_wconf 90' lang='lat' dir='ltr'><strong>lio</strong></span> <span class='ocrx_word' id='word_1_155' title='bbox 1010 2393 1182 2448; x_wconf 82' lang='lat' dir='ltr'><strong>Rufo.</strong></span> <span class='ocrx_word' id='word_1_156' title='bbox 1244 2389 1509 2445; x_wconf 88' lang='lat' dir='ltr'><strong>Divinat.</strong></span> <span class='ocrx_word' id='word_1_157' title='bbox 1555 2396 1659 2455; x_wconf 93' lang='grc'><strong>21,</strong></span> <span class='ocrx_word' id='word_1_158' title='bbox 1703 2395 1796 2449; x_wconf 90' lang='grc'><strong>69.</strong></span> <span class='ocrx_word' id='word_1_159' title='bbox 1877 2388 2195 2462; x_wconf 86' lang='lat' dir='ltr'><strong>(,‚Indices</strong></span> 
     </span>
     <span class='ocr_line' id='line_1_26' title="bbox 899 2464 2194 2528; baseline -0.004 -5"><span class='ocrx_word' id='word_1_160' title='bbox 899 2467 1282 2524; x_wconf 77' lang='lat' dir='ltr'><strong>ciceroniani</strong></span> <span class='ocrx_word' id='word_1_161' title='bbox 1324 2467 1472 2521; x_wconf 87' lang='lat' dir='ltr'><strong>duos</strong></span> <span class='ocrx_word' id='word_1_162' title='bbox 1514 2466 1738 2520; x_wconf 82' lang='lat' dir='ltr'><strong>faciunt</strong></span> <span class='ocrx_word' id='word_1_163' title='bbox 1780 2466 1846 2520; x_wconf 93' lang='lat' dir='ltr'><strong>P.</strong></span> <span class='ocrx_word' id='word_1_164' title='bbox 1884 2464 2194 2528; x_wconf 78' lang='lat' dir='ltr'><strong>LentulOS,</strong></span> 
     </span>
     <span class='ocr_line' id='line_1_27' title="bbox 900 2538 2197 2618; baseline -0.004 -20"><span class='ocrx_word' id='word_1_165' title='bbox 900 2544 1202 2618; x_wconf 76' lang='lat' dir='ltr'><strong>principes</strong></span> <span class='ocrx_word' id='word_1_166' title='bbox 1227 2553 1488 2600; x_wconf 86' lang='lat' dir='ltr'><strong>senatus.</strong></span> <span class='ocrx_word' id='word_1_167' title='bbox 1519 2560 1591 2595; x_wconf 87' lang='lat' dir='ltr'><strong>ex</strong></span> <span class='ocrx_word' id='word_1_168' title='bbox 1618 2545 1728 2595; x_wconf 85' lang='lat' dir='ltr'><strong>hoc</strong></span> <span class='ocrx_word' id='word_1_169' title='bbox 1753 2540 1932 2594; x_wconf 87' lang='lat' dir='ltr'><strong>uuo.&#39;&#39;</strong></span> <span class='ocrx_word' id='word_1_170' title='bbox 1962 2538 2197 2597; x_wconf 73' lang='lat' dir='ltr'><strong>varr.</strong></span> 
     </span>
     <span class='ocr_line' id='line_1_28' title="bbox 897 2615 2197 2691; baseline -0.005 -18"><span class='ocrx_word' id='word_1_171' title='bbox 897 2621 936 2674; x_wconf 93' lang='lat' dir='ltr'><strong>l.</strong></span> <span class='ocrx_word' id='word_1_172' title='bbox 968 2619 1005 2673; x_wconf 93' lang='lat' dir='ltr'><strong>l.</strong></span> <span class='ocrx_word' id='word_1_173' title='bbox 1040 2618 1164 2673; x_wconf 82' lang='lat' dir='ltr'><strong>Cfr.</strong></span> <span class='ocrx_word' id='word_1_174' title='bbox 1208 2617 1385 2670; x_wconf 87' lang='lat' dir='ltr'><strong>etiam</strong></span> <span class='ocrx_word' id='word_1_175' title='bbox 1416 2617 1654 2672; x_wconf 86' lang='lat' dir='ltr'><strong>Ellendt</strong></span> <span class='ocrx_word' id='word_1_176' title='bbox 1683 2617 1752 2672; x_wconf 88' lang='lat' dir='ltr'><strong>ad</strong></span> <span class='ocrx_word' id='word_1_177' title='bbox 1785 2615 1955 2671; x_wconf 88' lang='lat' dir='ltr'><strong>Brut.</strong></span> <span class='ocrx_word' id='word_1_178' title='bbox 2000 2634 2057 2691; x_wconf 83' lang='lat' dir='ltr'><strong>p.</strong></span> <span class='ocrx_word' id='word_1_179' title='bbox 2083 2623 2197 2680; x_wconf 87' lang='grc'><strong>81.)</strong></span> 
     </span>
     <span class='ocr_line' id='line_1_29' title="bbox 901 2690 2199 2766; baseline -0.002 -18"><span class='ocrx_word' id='word_1_180' title='bbox 901 2723 962 2733; x_wconf 94' lang='grc'>-</span> <span class='ocrx_word' id='word_1_181' title='bbox 1006 2693 1114 2748; x_wconf 74' lang='lat' dir='ltr'><strong>Rei</strong></span> <span class='ocrx_word' id='word_1_182' title='bbox 1161 2692 1432 2766; x_wconf 86' lang='lat' dir='ltr'><strong>publicae</strong></span> <span class='ocrx_word' id='word_1_183' title='bbox 1475 2703 1679 2748; x_wconf 86' lang='lat' dir='ltr'><strong>rector</strong></span> <span class='ocrx_word' id='word_1_184' title='bbox 1719 2700 1776 2746; x_wconf 88' lang='lat' dir='ltr'><strong>ct</strong></span> <span class='ocrx_word' id='word_1_185' title='bbox 1818 2690 2052 2746; x_wconf 86' lang='lat' dir='ltr'><strong>consilii</strong></span> <span class='ocrx_word' id='word_1_186' title='bbox 2090 2710 2199 2764; x_wconf 85' lang='lat' dir='ltr'><strong>pu-</strong></span> 
     </span>
     <span class='ocr_line' id='line_1_30' title="bbox 895 2766 2193 2831; baseline -0.002 -8"><span class='ocrx_word' id='word_1_187' title='bbox 895 2767 1039 2823; x_wconf 92' lang='lat' dir='ltr'><strong>blici</strong></span> <span class='ocrx_word' id='word_1_188' title='bbox 1086 2780 1316 2822; x_wconf 84' lang='lat' dir='ltr'><strong>auctor.</strong></span> <span class='ocrx_word' id='word_1_189' title='bbox 1391 2766 1462 2821; x_wconf 90' lang='lat' dir='ltr'><strong>de</strong></span> <span class='ocrx_word' id='word_1_190' title='bbox 1509 2766 1616 2822; x_wconf 90' lang='lat' dir='ltr'><strong>Or.</strong></span> <span class='ocrx_word' id='word_1_191' title='bbox 1681 2782 1737 2831; x_wconf 91' lang='grc'><strong>1,</strong></span> <span class='ocrx_word' id='word_1_192' title='bbox 1794 2769 1899 2831; x_wconf 66' lang='lat'><strong>43,</strong></span> <span class='ocrx_word' id='word_1_193' title='bbox 1952 2775 2082 2823; x_wconf 87' lang='grc'><strong>211.</strong></span> <span class='ocrx_word' id='word_1_194' title='bbox 2132 2798 2193 2807; x_wconf 88' lang='grc'>-</span> 
     </span>
     <span class='ocr_line' id='line_1_31' title="bbox 899 2840 2199 2918; baseline -0.005 -18"><span class='ocrx_word' id='word_1_195' title='bbox 899 2845 1005 2900; x_wconf 87' lang='lat' dir='ltr'><strong>Ille</strong></span> <span class='ocrx_word' id='word_1_196' title='bbox 1055 2848 1339 2918; x_wconf 86' lang='lat' dir='ltr'><strong>princeps</strong></span> <span class='ocrx_word' id='word_1_197' title='bbox 1387 2844 1458 2897; x_wconf 87' lang='lat' dir='ltr'><strong>ad</strong></span> <span class='ocrx_word' id='word_1_198' title='bbox 1507 2862 1631 2896; x_wconf 89' lang='lat' dir='ltr'><strong>rem</strong></span> <span class='ocrx_word' id='word_1_199' title='bbox 1679 2840 1977 2918; x_wconf 84' lang='lat' dir='ltr'><strong>publicam</strong></span> <span class='ocrx_word' id='word_1_200' title='bbox 2031 2843 2199 2895; x_wconf 89' lang='lat' dir='ltr'><strong>dum-</strong></span> 
     </span>
     <span class='ocr_line' id='line_1_32' title="bbox 899 2915 2199 2994; baseline -0.003 -20"><span class='ocrx_word' id='word_1_201' title='bbox 899 2932 1065 2975; x_wconf 83' lang='lat' dir='ltr'><strong>taxat</strong></span> <span class='ocrx_word' id='word_1_202' title='bbox 1112 2920 1269 2994; x_wconf 81' lang='lat' dir='ltr'><strong>quod</strong></span> <span class='ocrx_word' id='word_1_203' title='bbox 1319 2937 1468 2990; x_wconf 84' lang='lat' dir='ltr'><strong>opus</strong></span> <span class='ocrx_word' id='word_1_204' title='bbox 1515 2927 1670 2972; x_wconf 82' lang='lat' dir='ltr'><strong>essct</strong></span> <span class='ocrx_word' id='word_1_205' title='bbox 1727 2920 1871 2972; x_wconf 85' lang='lat' dir='ltr'><strong>satis</strong></span> <span class='ocrx_word' id='word_1_206' title='bbox 1926 2915 2199 2972; x_wconf 86' lang='lat' dir='ltr'><strong>habuisse</strong></span> 
     </span>
     <span class='ocr_line' id='line_1_33' title="bbox 901 2993 2199 3068; baseline -0.005 -18"><span class='ocrx_word' id='word_1_207' title='bbox 901 2995 1275 3068; x_wconf 81' lang='lat' dir='ltr'><strong>eloquentiae</strong></span> <span class='ocrx_word' id='word_1_208' title='bbox 1319 2993 1555 3048; x_wconf 81' lang='lat' dir='ltr'><strong>dicitur.</strong></span> <span class='ocrx_word' id='word_1_209' title='bbox 1616 2993 1782 3048; x_wconf 82' lang='lat' dir='ltr'><strong>Brut.</strong></span> <span class='ocrx_word' id='word_1_210' title='bbox 1826 3001 1927 3058; x_wconf 87' lang='grc'><strong>28,</strong></span> <span class='ocrx_word' id='word_1_211' title='bbox 1976 2997 2100 3051; x_wconf 88' lang='grc'><strong>108.</strong></span> <span class='ocrx_word' id='word_1_212' title='bbox 2130 3022 2199 3032; x_wconf 91' lang='grc'>-</span> 
     </span>
     <span class='ocr_line' id='line_1_34' title="bbox 1402 3081 2199 3142; baseline 0.008 -23"><span class='ocrx_word' id='word_1_213' title='bbox 1402 3087 1683 3142; x_wconf 85' lang='lat' dir='ltr'><strong>princeps</strong></span> <span class='ocrx_word' id='word_1_214' title='bbox 1739 3081 2015 3134; x_wconf 87' lang='lat' dir='ltr'><strong>senatus,</strong></span> <span class='ocrx_word' id='word_1_215' title='bbox 2070 3085 2199 3124; x_wconf 89' lang='lat' dir='ltr'><strong>cum</strong></span> 
     </span>
     <span class='ocr_line' id='line_1_35' title="bbox 902 3144 2198 3217; baseline -0.003 -16"><span class='ocrx_word' id='word_1_216' title='bbox 902 3149 961 3201; x_wconf 91' lang='lat' dir='ltr'><strong>in</strong></span> <span class='ocrx_word' id='word_1_217' title='bbox 1001 3163 1068 3200; x_wconf 87' lang='lat' dir='ltr'><strong>ea</strong></span> <span class='ocrx_word' id='word_1_218' title='bbox 1110 3146 1238 3198; x_wconf 88' lang='lat' dir='ltr'><strong>loca</strong></span> <span class='ocrx_word' id='word_1_219' title='bbox 1284 3144 1727 3217; x_wconf 82' lang='lat' dir='ltr'><strong>(Campaniam)</strong></span> <span class='ocrx_word' id='word_1_220' title='bbox 1768 3148 1982 3199; x_wconf 89' lang='lat' dir='ltr'><strong>missus</strong></span> <span class='ocrx_word' id='word_1_221' title='bbox 2019 3149 2198 3205; x_wconf 74' lang='lat' dir='ltr'><strong>esset,</strong></span> 
     </span>
     <span class='ocr_line' id='line_1_36' title="bbox 903 3216 2199 3294; baseline -0.003 -19"><span class='ocrx_word' id='word_1_222' title='bbox 903 3230 966 3276; x_wconf 89' lang='lat' dir='ltr'><strong>ut</strong></span> <span class='ocrx_word' id='word_1_223' title='bbox 1020 3222 1290 3293; x_wconf 79' lang='lat' dir='ltr'><strong>privatos</strong></span> <span class='ocrx_word' id='word_1_224' title='bbox 1339 3237 1549 3292; x_wconf 75' lang='lat' dir='ltr'><strong>agros,</strong></span> <span class='ocrx_word' id='word_1_225' title='bbox 1618 3222 1716 3294; x_wconf 84' lang='lat' dir='ltr'><strong>qui</strong></span> <span class='ocrx_word' id='word_1_226' title='bbox 1776 3223 1833 3273; x_wconf 89' lang='lat' dir='ltr'><strong>in</strong></span> <span class='ocrx_word' id='word_1_227' title='bbox 1903 3216 2199 3292; x_wconf 87' lang='lat' dir='ltr'><strong>publicum</strong></span> 
     </span>
     <span class='ocr_line' id='line_1_37' title="bbox 906 3293 2199 3368; baseline -0.004 -16"><span class='ocrx_word' id='word_1_228' title='bbox 906 3296 1272 3368; x_wconf 86' lang='lat' dir='ltr'><strong>Campanum</strong></span> <span class='ocrx_word' id='word_1_229' title='bbox 1315 3293 1738 3358; x_wconf 79' lang='lat' dir='ltr'><strong>incurrebant,</strong></span> <span class='ocrx_word' id='word_1_230' title='bbox 1793 3297 2043 3368; x_wconf 86' lang='lat' dir='ltr'><strong>pecunia</strong></span> <span class='ocrx_word' id='word_1_231' title='bbox 2094 3313 2199 3368; x_wconf 85' lang='lat' dir='ltr'><strong>pu-</strong></span> 
     </span>
     <span class='ocr_line' id='line_1_38' title="bbox 905 3371 2199 3432; baseline -0.002 -7"><span class='ocrx_word' id='word_1_232' title='bbox 905 3371 1057 3425; x_wconf 82' lang='lat' dir='ltr'><strong>blica</strong></span> <span class='ocrx_word' id='word_1_233' title='bbox 1122 3374 1455 3432; x_wconf 84' lang='lat' dir='ltr'><strong>co&#39;e&#39;meret,</strong></span> <span class='ocrx_word' id='word_1_234' title='bbox 1524 3371 1741 3424; x_wconf 90' lang='lat' dir='ltr'><strong>dicitur</strong></span> <span class='ocrx_word' id='word_1_235' title='bbox 1801 3372 2199 3431; x_wconf 79' lang='lat' dir='ltr'><strong>renuntiasse,</strong></span> 
     </span>
     <span class='ocr_line' id='line_1_39' title="bbox 908 3445 2204 3518; baseline -0.003 -18"><span class='ocrx_word' id='word_1_236' title='bbox 908 3445 1067 3501; x_wconf 86' lang='lat' dir='ltr'><strong>nulla</strong></span> <span class='ocrx_word' id='word_1_237' title='bbox 1129 3465 1190 3499; x_wconf 88' lang='lat' dir='ltr'><strong>se</strong></span> <span class='ocrx_word' id='word_1_238' title='bbox 1255 3447 1502 3518; x_wconf 88' lang='lat' dir='ltr'><strong>pecunia</strong></span> <span class='ocrx_word' id='word_1_239' title='bbox 1565 3445 1811 3499; x_wconf 87' lang='lat' dir='ltr'><strong>fundum</strong></span> <span class='ocrx_word' id='word_1_240' title='bbox 1859 3447 2204 3518; x_wconf 80' lang='lat' dir='ltr'><strong>cuiusquam</strong></span> 
     </span>
     <span class='ocr_line' id='line_1_40' title="bbox 907 3521 2204 3594; baseline -0.003 -19"><span class='ocrx_word' id='word_1_241' title='bbox 907 3539 1102 3576; x_wconf 87' lang='lat' dir='ltr'><strong>emere</strong></span> <span class='ocrx_word' id='word_1_242' title='bbox 1164 3522 1462 3594; x_wconf 84' lang='lat' dir='ltr'><strong>potuisse;</strong></span> <span class='ocrx_word' id='word_1_243' title='bbox 1524 3538 1809 3594; x_wconf 82' lang='lat' dir='ltr'><strong>eumque,</strong></span> <span class='ocrx_word' id='word_1_244' title='bbox 1873 3524 1972 3594; x_wconf 82' lang='lat' dir='ltr'><strong>qui</strong></span> <span class='ocrx_word' id='word_1_245' title='bbox 2028 3521 2204 3574; x_wconf 80' lang='lat' dir='ltr'><strong>nollet</strong></span> 
     </span>
     <span class='ocr_line' id='line_1_41' title="bbox 907 3595 2204 3669; baseline -0.001 -19"><span class='ocrx_word' id='word_1_246' title='bbox 907 3595 1190 3660; x_wconf 83' lang='lat' dir='ltr'><strong>vendere,</strong></span> <span class='ocrx_word' id='word_1_247' title='bbox 1234 3597 1364 3650; x_wconf 88' lang='lat' dir='ltr'><strong>ideo</strong></span> <span class='ocrx_word' id='word_1_248' title='bbox 1396 3614 1644 3668; x_wconf 72' lang='lat' dir='ltr'><strong>negasse</strong></span> <span class='ocrx_word' id='word_1_249' title='bbox 1674 3614 1735 3649; x_wconf 89' lang='lat' dir='ltr'><strong>se</strong></span> <span class='ocrx_word' id='word_1_250' title='bbox 1766 3595 1978 3651; x_wconf 82' lang='lat' dir='ltr'><strong>adduci</strong></span> <span class='ocrx_word' id='word_1_251' title='bbox 2007 3614 2204 3669; x_wconf 76' lang='lat' dir='ltr'><strong>posse,</strong></span> 
     </span>
     <span class='ocr_line' id='line_1_42' title="bbox 913 3671 2204 3745; baseline -0.001 -21"><span class='ocrx_word' id='word_1_252' title='bbox 913 3674 995 3724; x_wconf 89' lang='lat' dir='ltr'><strong>nti</strong></span> <span class='ocrx_word' id='word_1_253' title='bbox 1051 3671 1367 3737; x_wconf 76' lang='lat' dir='ltr'><strong>venderet,</strong></span> <span class='ocrx_word' id='word_1_254' title='bbox 1424 3671 1584 3745; x_wconf 84' lang='lat' dir='ltr'><strong>quod</strong></span> <span class='ocrx_word' id='word_1_255' title='bbox 1639 3689 1771 3724; x_wconf 88' lang='lat' dir='ltr'><strong>cum</strong></span> <span class='ocrx_word' id='word_1_256' title='bbox 1820 3673 2020 3743; x_wconf 77' lang='lat' dir='ltr'><strong>plures</strong></span> <span class='ocrx_word' id='word_1_257' title='bbox 2073 3672 2204 3725; x_wconf 84' lang='lat' dir='ltr'><strong>sun-</strong></span> 
     </span>
     <span class='ocr_line' id='line_1_43' title="bbox 909 3744 2208 3809; baseline -0.001 -8"><span class='ocrx_word' id='word_1_258' title='bbox 909 3747 1017 3802; x_wconf 88' lang='lat' dir='ltr'><strong>dos</strong></span> <span class='ocrx_word' id='word_1_259' title='bbox 1065 3744 1345 3809; x_wconf 82' lang='lat' dir='ltr'><strong>haberet,</strong></span> <span class='ocrx_word' id='word_1_260' title='bbox 1398 3764 1471 3800; x_wconf 84' lang='lat' dir='ltr'><strong>ex</strong></span> <span class='ocrx_word' id='word_1_261' title='bbox 1510 3745 1611 3801; x_wconf 90' lang='lat' dir='ltr'><strong>illo</strong></span> <span class='ocrx_word' id='word_1_262' title='bbox 1655 3747 1782 3800; x_wconf 91' lang='lat' dir='ltr'><strong>solo</strong></span> <span class='ocrx_word' id='word_1_263' title='bbox 1824 3746 2006 3800; x_wconf 84' lang='lat' dir='ltr'><strong>fundo</strong></span> <span class='ocrx_word' id='word_1_264' title='bbox 2057 3766 2208 3800; x_wconf 87' lang='lat' dir='ltr'><strong>nun-</strong></span> 
     </span>
     <span class='ocr_line' id='line_1_44' title="bbox 910 3814 2208 3896; baseline -0.001 -21"><span class='ocrx_word' id='word_1_265' title='bbox 910 3839 1086 3896; x_wconf 77' lang='lat' dir='ltr'><strong>quam</strong></span> <span class='ocrx_word' id='word_1_266' title='bbox 1151 3814 1370 3874; x_wconf 81' lang='lat' dir='ltr'><strong>iiialum</strong></span> <span class='ocrx_word' id='word_1_267' title='bbox 1439 3825 1708 3876; x_wconf 88' lang='lat' dir='ltr'><strong>nuntium</strong></span> <span class='ocrx_word' id='word_1_268' title='bbox 1781 3821 2062 3876; x_wconf 79' lang='lat' dir='ltr'><strong>audisset.</strong></span> <span class='ocrx_word' id='word_1_269' title='bbox 2140 3821 2208 3874; x_wconf 75' lang='lat' dir='ltr'><strong>de</strong></span> 
     </span>
     <span class='ocr_line' id='line_1_45' title="bbox 909 3896 2204 3970; baseline -0.002 -18"><span class='ocrx_word' id='word_1_270' title='bbox 909 3900 1035 3970; x_wconf 70' lang='lat' dir='ltr'><strong>lege</strong></span> <span class='ocrx_word' id='word_1_271' title='bbox 1084 3915 1212 3969; x_wconf 82' lang='lat' dir='ltr'><strong>agr.</strong></span> <span class='ocrx_word' id='word_1_272' title='bbox 1267 3904 1330 3961; x_wconf 92' lang='grc'><strong>2,</strong></span> <span class='ocrx_word' id='word_1_273' title='bbox 1382 3900 1486 3962; x_wconf 82' lang='lat'><strong>30,</strong></span> <span class='ocrx_word' id='word_1_274' title='bbox 1537 3904 1628 3955; x_wconf 74' lang='lat'><strong>82.</strong></span> <span class='ocrx_word' id='word_1_275' title='bbox 1680 3926 1740 3935; x_wconf 92' lang='lat'>—</span> <span class='ocrx_word' id='word_1_276' title='bbox 1786 3897 1848 3950; x_wconf 89' lang='lat' dir='ltr'><strong>P.</strong></span> <span class='ocrx_word' id='word_1_277' title='bbox 1895 3896 2204 3956; x_wconf 70' lang='lat' dir='ltr'><strong>Lentulus„</strong></span> 
     </span>
     <span class='ocr_line' id='line_1_46' title="bbox 911 3971 2208 4036; baseline -0.002 -8"><span class='ocrx_word' id='word_1_278' title='bbox 911 3973 1277 4028; x_wconf 87' lang='lat' dir='ltr'><strong>clarissimus</strong></span> <span class='ocrx_word' id='word_1_279' title='bbox 1346 3972 1469 4036; x_wconf 75' lang='lat' dir='ltr'><strong>vir,</strong></span> <span class='ocrx_word' id='word_1_280' title='bbox 1554 3983 1817 4026; x_wconf 84' lang='lat' dir='ltr'><strong>armatus</strong></span> <span class='ocrx_word' id='word_1_281' title='bbox 1882 3971 1949 4028; x_wconf 90' lang='lat' dir='ltr'><strong>C.</strong></span> <span class='ocrx_word' id='word_1_282' title='bbox 2017 3974 2208 4028; x_wconf 78' lang='lat' dir='ltr'><strong>Grac—</strong></span> 
     </span>
     <span class='ocr_line' id='line_1_47' title="bbox 912 4047 2208 4120; baseline -0.001 -18"><span class='ocrx_word' id='word_1_283' title='bbox 912 4050 1086 4102; x_wconf 86' lang='lat' dir='ltr'><strong>chum</strong></span> <span class='ocrx_word' id='word_1_284' title='bbox 1116 4053 1619 4118; x_wconf 73' lang='lat' dir='ltr'><strong>est‘persecutu83</strong></span> <span class='ocrx_word' id='word_1_285' title='bbox 1673 4047 1771 4101; x_wconf 88' lang='lat' dir='ltr'><strong>ille</strong></span> <span class='ocrx_word' id='word_1_286' title='bbox 1817 4052 1993 4102; x_wconf 75' lang='lat' dir='ltr'><strong>etium</strong></span> <span class='ocrx_word' id='word_1_287' title='bbox 2029 4066 2208 4120; x_wconf 71' lang='lat' dir='ltr'><strong>grave</strong></span> 
     </span>
     <span class='ocr_line' id='line_1_48' title="bbox 915 4122 2208 4196; baseline 0 -20"><span class='ocrx_word' id='word_1_288' title='bbox 915 4135 1036 4178; x_wconf 92' lang='lat' dir='ltr'><strong>tum</strong></span> <span class='ocrx_word' id='word_1_289' title='bbox 1071 4123 1280 4176; x_wconf 81' lang='lat' dir='ltr'><strong>volnus</strong></span> <span class='ocrx_word' id='word_1_290' title='bbox 1311 4123 1571 4195; x_wconf 85' lang='lat' dir='ltr'><strong>accepit,</strong></span> <span class='ocrx_word' id='word_1_291' title='bbox 1616 4141 1686 4177; x_wconf 92' lang='lat' dir='ltr'><strong>ne</strong></span> <span class='ocrx_word' id='word_1_292' title='bbox 1717 4122 1857 4196; x_wconf 85' lang='lat' dir='ltr'><strong>quid</strong></span> <span class='ocrx_word' id='word_1_293' title='bbox 1889 4124 1957 4177; x_wconf 84' lang='lat' dir='ltr'><strong>‹le</strong></span> <span class='ocrx_word' id='word_1_294' title='bbox 1986 4142 2208 4177; x_wconf 80' lang='lat' dir='ltr'><strong>summa</strong></span> 
     </span>
    </p>
   </div>
   <div class='ocr_carea' id='block_1_10' title="bbox 913 4272 2210 4726">
    <p class='ocr_par' dir='ltr' id='par_1_10' title="bbox 913 4272 2210 4726">
     <span class='ocr_line' id='line_1_49' title="bbox 918 4272 2208 4346; baseline -0.005 -16"><span class='ocrx_word' id='word_1_295' title='bbox 918 4281 1006 4333; x_wconf 78' lang='lat'><strong>13.</strong></span> <span class='ocrx_word' id='word_1_296' title='bbox 1041 4274 1152 4327; x_wconf 81' lang='lat' dir='ltr'><strong>cfr.</strong></span> <span class='ocrx_word' id='word_1_297' title='bbox 1200 4272 1331 4326; x_wconf 75' lang='lat' dir='ltr'><strong>val.</strong></span> <span class='ocrx_word' id='word_1_298' title='bbox 1368 4272 1526 4328; x_wconf 80' lang='lat' dir='ltr'><strong>Max.</strong></span> <span class='ocrx_word' id='word_1_299' title='bbox 1576 4279 1630 4337; x_wconf 88' lang='lat'><strong>5,</strong></span> <span class='ocrx_word' id='word_1_300' title='bbox 1663 4277 1717 4329; x_wconf 81' lang='lat'><strong>5.</strong></span> <span class='ocrx_word' id='word_1_301' title='bbox 1765 4293 1821 4346; x_wconf 86' lang='lat' dir='ltr'><strong>p.</strong></span> <span class='ocrx_word' id='word_1_302' title='bbox 1854 4277 1983 4331; x_wconf 59' lang='lat'><strong>²152.</strong></span> <span class='ocrx_word' id='word_1_303' title='bbox 2031 4275 2208 4329; x_wconf 83' lang='lat' dir='ltr'><strong>Torr.</strong></span> 
     </span>
     <span class='ocr_line' id='line_1_50' title="bbox 920 4345 2208 4421; baseline -0.001 -18"><span class='ocrx_word' id='word_1_304' title='bbox 920 4379 980 4389; x_wconf 89' lang='lat'>—</span> <span class='ocrx_word' id='word_1_305' title='bbox 1045 4349 1114 4403; x_wconf 89' lang='lat' dir='ltr'><strong>P.</strong></span> <span class='ocrx_word' id='word_1_306' title='bbox 1188 4345 1508 4413; x_wconf 45' lang='lat' dir='ltr'><strong>Lentulum</strong></span> <span class='ocrx_word' id='word_1_307' title='bbox 1581 4351 1861 4421; x_wconf 83' lang='lat' dir='ltr'><strong>princeps</strong></span> <span class='ocrx_word' id='word_1_308' title='bbox 1933 4362 2208 4408; x_wconf 78' lang='lat' dir='ltr'><strong>senatus.</strong></span> 
     </span>
     <span class='ocr_line' id='line_1_51' title="bbox 915 4422 2208 4481; baseline -0.001 -2"><span class='ocrx_word' id='word_1_309' title='bbox 915 4423 1263 4479; x_wconf 77' lang='lat' dir='ltr'><strong>volneratus</strong></span> <span class='ocrx_word' id='word_1_310' title='bbox 1303 4425 1363 4478; x_wconf 90' lang='lat' dir='ltr'><strong>in</strong></span> <span class='ocrx_word' id='word_1_311' title='bbox 1403 4422 1471 4478; x_wconf 94' lang='lat' dir='ltr'><strong>C.</strong></span> <span class='ocrx_word' id='word_1_312' title='bbox 1519 4424 1775 4479; x_wconf 83' lang='lat' dir='ltr'><strong>Gracchi</strong></span> <span class='ocrx_word' id='word_1_313' title='bbox 1819 4427 2019 4480; x_wconf 85' lang='lat' dir='ltr'><strong>caede.</strong></span> <span class='ocrx_word' id='word_1_314' title='bbox 2078 4426 2208 4481; x_wconf 57' lang='lat' dir='ltr'><strong>Phi.</strong></span> 
     </span>
     <span class='ocr_line' id='line_1_52' title="bbox 913 4499 2210 4575; baseline -0.002 -19"><span class='ocrx_word' id='word_1_315' title='bbox 913 4502 1063 4575; x_wconf 88' lang='lat' dir='ltr'><strong>lipp.</strong></span> <span class='ocrx_word' id='word_1_316' title='bbox 1126 4505 1195 4565; x_wconf 90' lang='grc'><strong>8,</strong></span> <span class='ocrx_word' id='word_1_317' title='bbox 1252 4502 1318 4562; x_wconf 81' lang='lat'><strong>4,</strong></span> <span class='ocrx_word' id='word_1_318' title='bbox 1372 4501 1462 4555; x_wconf 65' lang='lat'><strong>171.</strong></span> <span class='ocrx_word' id='word_1_319' title='bbox 1513 4529 1573 4538; x_wconf 89' lang='lat'>—</span> <span class='ocrx_word' id='word_1_320' title='bbox 1622 4499 1939 4555; x_wconf 84' lang='lat' dir='ltr'><strong>Cornelius</strong></span> <span class='ocrx_word' id='word_1_321' title='bbox 1988 4501 2210 4556; x_wconf 83' lang='lat' dir='ltr'><strong>Lentu-</strong></span> 
     </span>
     <span class='ocr_line' id='line_1_53' title="bbox 914 4573 2208 4643; baseline 0.002 -12"><span class='ocrx_word' id='word_1_322' title='bbox 914 4577 1044 4643; x_wconf 88' lang='lat' dir='ltr'><strong>lus,</strong></span> <span class='ocrx_word' id='word_1_323' title='bbox 1089 4592 1235 4630; x_wconf 87' lang='lat' dir='ltr'><strong>avus</strong></span> <span class='ocrx_word' id='word_1_324' title='bbox 1294 4573 1360 4629; x_wconf 90' lang='grc' dir='ltr'><strong>Ρ.</strong></span> <span class='ocrx_word' id='word_1_325' title='bbox 1386 4573 1623 4630; x_wconf 89' lang='lat' dir='ltr'><strong>Lentuli</strong></span> <span class='ocrx_word' id='word_1_326' title='bbox 1671 4575 1881 4631; x_wconf 86' lang='lat' dir='ltr'><strong>Surae.</strong></span> <span class='ocrx_word' id='word_1_327' title='bbox 1933 4576 2105 4632; x_wconf 87' lang='lat' dir='ltr'><strong>Catil.</strong></span> <span class='ocrx_word' id='word_1_328' title='bbox 2152 4579 2208 4636; x_wconf 71' lang='lat'><strong>4„</strong></span> 
     </span>
     <span class='ocr_line' id='line_1_54' title="bbox 913 4648 2208 4726; baseline 0.001 -23"><span class='ocrx_word' id='word_1_329' title='bbox 913 4654 980 4717; x_wconf 89' lang='lat'><strong>6,</strong></span> <span class='ocrx_word' id='word_1_330' title='bbox 1029 4658 1114 4711; x_wconf 80' lang='lat'><strong>13.</strong></span> <span class='ocrx_word' id='word_1_331' title='bbox 1170 4648 1618 4706; x_wconf 89' lang='lat' dir='ltr'><strong>Pseudoascon.</strong></span> <span class='ocrx_word' id='word_1_332' title='bbox 1664 4654 1722 4705; x_wconf 89' lang='lat' dir='ltr'><strong>in</strong></span> <span class='ocrx_word' id='word_1_333' title='bbox 1756 4651 1958 4707; x_wconf 75' lang='lat' dir='ltr'><strong>Divin.</strong></span> <span class='ocrx_word' id='word_1_334' title='bbox 2003 4672 2058 4726; x_wconf 89' lang='lat' dir='ltr'><strong>p.</strong></span> <span class='ocrx_word' id='word_1_335' title='bbox 2092 4657 2208 4708; x_wconf 65' lang='lat'><strong>122.</strong></span> 
     </span>
    </p>
   </div>
   <div class='ocr_carea' id='block_1_11' title="bbox 915 4723 2212 4874">
    <p class='ocr_par' dir='ltr' id='par_1_11' title="bbox 915 4723 2212 4874">
     <span class='ocr_line' id='line_1_55' title="bbox 915 4723 2212 4801; baseline -0.001 -20"><span class='ocrx_word' id='word_1_336' title='bbox 915 4726 1044 4800; x_wconf 85' lang='lat' dir='ltr'><strong>(uhi</strong></span> <span class='ocrx_word' id='word_1_337' title='bbox 1085 4723 1239 4781; x_wconf 80' lang='lat' dir='ltr'><strong>inale</strong></span> <span class='ocrx_word' id='word_1_338' title='bbox 1289 4723 1479 4780; x_wconf 87' lang='lat' dir='ltr'><strong>Surae</strong></span> <span class='ocrx_word' id='word_1_339' title='bbox 1524 4736 1699 4800; x_wconf 87' lang='lat' dir='ltr'><strong>pater</strong></span> <span class='ocrx_word' id='word_1_340' title='bbox 1750 4727 2041 4801; x_wconf 85' lang='lat' dir='ltr'><strong>vocatur)</strong></span> <span class='ocrx_word' id='word_1_341' title='bbox 2099 4727 2212 4782; x_wconf 79' lang='lat' dir='ltr'><strong>Diu</strong></span> 
     </span>
     <span class='ocr_line' id='line_1_56' title="bbox 917 4801 1761 4874; baseline -0.002 -16"><span class='ocrx_word' id='word_1_342' title='bbox 917 4801 1086 4858; x_wconf 84' lang='lat' dir='ltr'><strong>Cass.</strong></span> <span class='ocrx_word' id='word_1_343' title='bbox 1136 4804 1230 4859; x_wconf 72' lang='lat'><strong>46.</strong></span> <span class='ocrx_word' id='word_1_344' title='bbox 1284 4816 1340 4874; x_wconf 86' lang='lat' dir='ltr'><strong>p.</strong></span> <span class='ocrx_word' id='word_1_345' title='bbox 1381 4803 1515 4860; x_wconf 80' lang='lat'><strong>463.</strong></span> <span class='ocrx_word' id='word_1_346' title='bbox 1573 4801 1761 4858; x_wconf 84' lang='lat' dir='ltr'><strong>Reim.</strong></span> 
     </span>
    </p>
   </div>
   <div class='ocr_carea' id='block_1_12' title="bbox 915 4902 2212 5272">
    <p class='ocr_par' dir='ltr' id='par_1_12' title="bbox 915 4902 2212 5272">
     <span class='ocr_line' id='line_1_57' title="bbox 989 4902 2206 4971; baseline 0.002 -11"><span class='ocrx_word' id='word_1_347' title='bbox 989 4906 1058 4960; x_wconf 90' lang='lat' dir='ltr'><strong>P.</strong></span> <span class='ocrx_word' id='word_1_348' title='bbox 1106 4903 1445 4969; x_wconf 58' lang='lat' dir='ltr'><strong>Consanus</strong></span> <span class='ocrx_word' id='word_1_349' title='bbox 1497 4902 1819 4960; x_wconf 60' lang='lat' dir='ltr'><strong>meruaus</strong></span> <span class='ocrx_word' id='word_1_350' title='bbox 1876 4905 2206 4971; x_wconf 60' lang='lat' dir='ltr'><strong>Sem-rnen}</strong></span> 
     </span>
     <span class='ocr_line' id='line_1_58' title="bbox 915 4974 2212 5108; baseline 0.005 -76"><span class='ocrx_word' id='word_1_351' title='bbox 915 4979 1074 5108; x_wconf 49' lang='lat' dir='ltr'><strong>guod</strong></span> <span class='ocrx_word' id='word_1_352' title='bbox 1103 4974 1435 5052; x_wconf 66' lang='lat' dir='ltr'><strong>eogno&#39;men</strong></span> <span class='ocrx_word' id='word_1_353' title='bbox 1473 4980 1608 5035; x_wconf 86' lang='lat' dir='ltr'><strong>tulit</strong></span> <span class='ocrx_word' id='word_1_354' title='bbox 1634 4980 1707 5034; x_wconf 90' lang='lat' dir='ltr'><strong>ab</strong></span> <span class='ocrx_word' id='word_1_355' title='bbox 1737 4983 2025 5036; x_wconf 86' lang='lat' dir='ltr'><strong>histrione</strong></span> <span class='ocrx_word' id='word_1_356' title='bbox 2065 5002 2212 5056; x_wconf 51' lang='lat' dir='ltr'><strong>quo-¹</strong></span> 
     </span>
     <span class='ocr_line' id='line_1_59' title="bbox 958 5055 2204 5129; baseline 0.003 -22"><span class='ocrx_word' id='word_1_357' title='bbox 958 5074 1051 5109; x_wconf 91' lang='lat' dir='ltr'><strong>am</strong></span> <span class='ocrx_word' id='word_1_358' title='bbox 1125 5065 1372 5129; x_wconf 88' lang='lat' dir='ltr'><strong>propter</strong></span> <span class='ocrx_word' id='word_1_359' title='bbox 1444 5055 1907 5110; x_wconf 87' lang='lat' dir='ltr'><strong>similitudinem.</strong></span> <span class='ocrx_word' id='word_1_360' title='bbox 2004 5058 2204 5114; x_wconf 80' lang='lat' dir='ltr'><strong>Valer.</strong></span> 
     </span>
     <span class='ocr_line' id='line_1_60' title="bbox 917 5127 2204 5202; baseline 0.005 -18"><span class='ocrx_word' id='word_1_361' title='bbox 917 5127 1081 5184; x_wconf 83' lang='lat' dir='ltr'><strong>Max.</strong></span> <span class='ocrx_word' id='word_1_362' title='bbox 1137 5132 1205 5194; x_wconf 87' lang='grc'><strong>9,</strong></span> <span class='ocrx_word' id='word_1_363' title='bbox 1262 5133 1362 5195; x_wconf 72' lang='lat'><strong>14,</strong></span> <span class='ocrx_word' id='word_1_364' title='bbox 1413 5136 1463 5188; x_wconf 65' lang='lat'><strong>4.</strong></span> <span class='ocrx_word' id='word_1_365' title='bbox 1540 5130 1661 5185; x_wconf 86' lang='lat' dir='ltr'><strong>Cfr.</strong></span> <span class='ocrx_word' id='word_1_366' title='bbox 1704 5132 1855 5187; x_wconf 84' lang='lat' dir='ltr'><strong>l’lin.</strong></span> <span class='ocrx_word' id='word_1_367' title='bbox 1914 5132 1984 5202; x_wconf 84' lang='lat' dir='ltr'><strong>H.</strong></span> <span class='ocrx_word' id='word_1_368' title='bbox 2031 5133 2105 5188; x_wconf 90' lang='lat' dir='ltr'><strong>N.</strong></span> <span class='ocrx_word' id='word_1_369' title='bbox 2152 5141 2204 5199; x_wconf 65' lang='lat'><strong>7,</strong></span> 
     </span>
     <span class='ocr_line' id='line_1_61' title="bbox 917 5201 2205 5272; baseline 0.005 -14"><span class='ocrx_word' id='word_1_370' title='bbox 917 5214 1008 5262; x_wconf 86' lang='grc'><strong>12.</strong></span> <span class='ocrx_word' id='word_1_371' title='bbox 1067 5201 1316 5272; x_wconf 83' lang='lat' dir='ltr'><strong>Quintil.</strong></span> <span class='ocrx_word' id='word_1_372' title='bbox 1368 5211 1437 5272; x_wconf 87' lang='lat'><strong>6,</strong></span> <span class='ocrx_word' id='word_1_373' title='bbox 1488 5208 1560 5272; x_wconf 82' lang='lat'><strong>5,</strong></span> <span class='ocrx_word' id='word_1_374' title='bbox 1608 5211 1696 5266; x_wconf 93' lang='grc'><strong>57.</strong></span> <span class='ocrx_word' id='word_1_375' title='bbox 1776 5206 2003 5264; x_wconf 81' lang='lat' dir='ltr'><strong>Aedilis</strong></span> <span class='ocrx_word' id='word_1_376' title='bbox 2051 5228 2102 5265; x_wconf 85' lang='lat' dir='ltr'><strong>a.</strong></span> <span class='ocrx_word' id='word_1_377' title='bbox 2145 5228 2205 5265; x_wconf 93' lang='lat' dir='ltr'><strong>u.</strong></span> 
     </span>
    </p>
   </div>
   <div class='ocr_carea' id='block_1_13' title="bbox 2220 2793 2908 2869">
    <p class='ocr_par' dir='ltr' id='par_1_13' title="bbox 2220 2793 2908 2869">
     <span class='ocr_line' id='line_1_62' title="bbox 2220 2793 2908 2869; baseline -0.007 -19"><span class='ocrx_word' id='word_1_378' title='bbox 2220 2821 2223 2829; x_wconf 96' lang='lat'><em>·</em></span> <span class='ocrx_word' id='word_1_379' title='bbox 2259 2806 2576 2869; x_wconf 83' lang='lat' dir='ltr'><strong>exceptus,</strong></span> <span class='ocrx_word' id='word_1_380' title='bbox 2606 2794 2668 2848; x_wconf 89' lang='grc' dir='ltr'><strong>ιιι</strong></span> <span class='ocrx_word' id='word_1_381' title='bbox 2699 2793 2908 2849; x_wconf 88' lang='lat' dir='ltr'><strong>eodem</strong></span> 
     </span>
    </p>
   </div>
   <div class='ocr_carea' id='block_1_14' title="bbox 2188 1488 2269 4564">
    <p class='ocr_par' dir='ltr' id='par_1_14' title="bbox 2188 1488 2269 4564">
     <span class='ocr_line' id='line_1_63' title="bbox 2188 1488 2269 4564; baseline 0 0"><span class='ocrx_word' id='word_1_382' title='bbox 2188 1488 2269 4564; x_wconf 95' lang='lat' dir='ltr'><strong> </strong></span> 
     </span>
    </p>
   </div>
   <div class='ocr_carea' id='block_1_15' title="bbox 2245 826 3554 1581">
    <p class='ocr_par' dir='ltr' id='par_1_15' title="bbox 2245 826 3554 1581">
     <span class='ocr_line' id='line_1_64' title="bbox 2245 826 3548 902; baseline -0.004 -16"><span class='ocrx_word' id='word_1_383' title='bbox 2245 831 2393 886; x_wconf 88' lang='lat' dir='ltr'><strong>ludis</strong></span> <span class='ocrx_word' id='word_1_384' title='bbox 2440 826 2776 902; x_wconf 75' lang='lat' dir='ltr'><strong>magnificis</strong></span> <span class='ocrx_word' id='word_1_385' title='bbox 2838 826 3085 882; x_wconf 86' lang='lat' dir='ltr'><strong>edendis</strong></span> <span class='ocrx_word' id='word_1_386' title='bbox 3136 828 3286 883; x_wconf 84' lang='lat' dir='ltr'><strong>vicit</strong></span> <span class='ocrx_word' id='word_1_387' title='bbox 3340 844 3548 882; x_wconf 87' lang='lat' dir='ltr'><strong>omnes</strong></span> 
     </span>
     <span class='ocr_line' id='line_1_65' title="bbox 2245 903 3546 981; baseline -0.003 -20"><span class='ocrx_word' id='word_1_388' title='bbox 2245 906 2609 981; x_wconf 86' lang='lat' dir='ltr'><strong>superiores.</strong></span> <span class='ocrx_word' id='word_1_389' title='bbox 2697 904 2852 959; x_wconf 88' lang='lat' dir='ltr'><strong>Plin.</strong></span> <span class='ocrx_word' id='word_1_390' title='bbox 2895 907 2964 967; x_wconf 89' lang='lat'><strong>9,</strong></span> <span class='ocrx_word' id='word_1_391' title='bbox 3018 904 3123 965; x_wconf 68' lang='lat'><strong>34.</strong></span> <span class='ocrx_word' id='word_1_392' title='bbox 3167 908 3256 960; x_wconf 83' lang='lat'><strong>19.</strong></span> <span class='ocrx_word' id='word_1_393' title='bbox 3339 903 3546 958; x_wconf 80' lang='lat' dir='ltr'><strong>Valer.</strong></span> 
     </span>
     <span class='ocr_line' id='line_1_66' title="bbox 2249 977 3547 1048; baseline -0.005 -10"><span class='ocrx_word' id='word_1_394' title='bbox 2249 982 2404 1038; x_wconf 82' lang='lat' dir='ltr'><strong>Max.</strong></span> <span class='ocrx_word' id='word_1_395' title='bbox 2464 990 2531 1048; x_wconf 88' lang='grc'><strong>2,</strong></span> <span class='ocrx_word' id='word_1_396' title='bbox 2572 981 2641 1046; x_wconf 79' lang='lat'><strong>4,</strong></span> <span class='ocrx_word' id='word_1_397' title='bbox 2692 981 2749 1037; x_wconf 90' lang='grc'><strong>6.</strong></span> <span class='ocrx_word' id='word_1_398' title='bbox 2812 988 2874 1017; x_wconf 57' lang='grc' dir='ltr'><strong>-ὲ</strong></span> <span class='ocrx_word' id='word_1_399' title='bbox 2921 978 3176 1034; x_wconf 82' lang='lat' dir='ltr'><strong>Praetor</strong></span> <span class='ocrx_word' id='word_1_400' title='bbox 3235 979 3351 1034; x_wconf 86' lang='lat' dir='ltr'><strong>fuit</strong></span> <span class='ocrx_word' id='word_1_401' title='bbox 3416 977 3547 1038; x_wconf 63' lang='lat'><strong>694.</strong></span> 
     </span>
     <span class='ocr_line' id='line_1_67' title="bbox 2249 1053 3548 1131; baseline -0.005 -18"><span class='ocrx_word' id='word_1_402' title='bbox 2249 1059 2613 1131; x_wconf 71' lang='lat' dir='ltr'><strong>Propi-aetor</strong></span> <span class='ocrx_word' id='word_1_403' title='bbox 2660 1053 2983 1128; x_wconf 79' lang='lat' dir='ltr'><strong>Hispaniae</strong></span> <span class='ocrx_word' id='word_1_404' title='bbox 3029 1054 3334 1117; x_wconf 62' lang='lat' dir='ltr'><strong>citerioris</strong></span> <span class='ocrx_word' id='word_1_405' title='bbox 3381 1072 3437 1108; x_wconf 80' lang='lat' dir='ltr'><strong>a.</strong></span> <span class='ocrx_word' id='word_1_406' title='bbox 3489 1071 3548 1108; x_wconf 88' lang='lat' dir='ltr'><strong>u.</strong></span> 
     </span>
     <span class='ocr_line' id='line_1_68' title="bbox 2245 1127 3554 1203; baseline -0.004 -15"><span class='ocrx_word' id='word_1_407' title='bbox 2245 1153 2292 1188; x_wconf 88' lang='lat' dir='ltr'><strong>c.</strong></span> <span class='ocrx_word' id='word_1_408' title='bbox 2338 1137 2466 1191; x_wconf 83' lang='grc'><strong>695.</strong></span> <span class='ocrx_word' id='word_1_409' title='bbox 2527 1131 2654 1186; x_wconf 78' lang='lat' dir='ltr'><strong>cfr.</strong></span> <span class='ocrx_word' id='word_1_410' title='bbox 2706 1130 2875 1186; x_wconf 87' lang='lat' dir='ltr'><strong>Caes.</strong></span> <span class='ocrx_word' id='word_1_411' title='bbox 2913 1127 3072 1203; x_wconf 81' lang='lat' dir='ltr'><strong>Bell.</strong></span> <span class='ocrx_word' id='word_1_412' title='bbox 3118 1128 3251 1184; x_wconf 89' lang='lat' dir='ltr'><strong>Civ.</strong></span> <span class='ocrx_word' id='word_1_413' title='bbox 3310 1142 3332 1186; x_wconf 98' lang='grc'><strong>1</strong></span> <span class='ocrx_word' id='word_1_414' title='bbox 3361 1170 3377 1194; x_wconf 89' lang='grc'><strong>,</strong></span> <span class='ocrx_word' id='word_1_415' title='bbox 3428 1137 3554 1195; x_wconf 84' lang='grc'><strong>22.,</strong></span> 
     </span>
     <span class='ocr_line' id='line_1_69' title="bbox 2249 1204 3553 1282; baseline -0.003 -18"><span class='ocrx_word' id='word_1_416' title='bbox 2249 1207 2347 1264; x_wconf 90' lang='lat' dir='ltr'><strong>ubi</strong></span> <span class='ocrx_word' id='word_1_417' title='bbox 2404 1227 2465 1263; x_wconf 88' lang='lat' dir='ltr'><strong>se</strong></span> <span class='ocrx_word' id='word_1_418' title='bbox 2527 1226 2636 1282; x_wconf 87' lang='lat' dir='ltr'><strong>per</strong></span> <span class='ocrx_word' id='word_1_419' title='bbox 2679 1205 2999 1262; x_wconf 88' lang='lat' dir='ltr'><strong>Caesarem</strong></span> <span class='ocrx_word' id='word_1_420' title='bbox 3055 1204 3369 1261; x_wconf 87' lang='lat' dir='ltr'><strong>consulem</strong></span> <span class='ocrx_word' id='word_1_421' title='bbox 3425 1207 3553 1261; x_wconf 64' lang='lat' dir='ltr'><strong>eius</strong></span> 
     </span>
     <span class='ocr_line' id='line_1_70' title="bbox 2249 1279 3554 1358; baseline -0.002 -19"><span class='ocrx_word' id='word_1_422' title='bbox 2249 1285 2386 1340; x_wconf 76' lang='lat' dir='ltr'><strong>annii</strong></span> <span class='ocrx_word' id='word_1_423' title='bbox 2442 1283 2818 1358; x_wconf 85' lang='lat' dir='ltr'><strong>provinciam</strong></span> <span class='ocrx_word' id='word_1_424' title='bbox 2859 1279 3212 1354; x_wconf 83' lang='lat' dir='ltr'><strong>Hispaniam</strong></span> <span class='ocrx_word' id='word_1_425' title='bbox 3254 1298 3331 1335; x_wconf 81' lang='lat' dir='ltr'><strong>ex</strong></span> <span class='ocrx_word' id='word_1_426' title='bbox 3373 1298 3554 1354; x_wconf 82' lang='lat' dir='ltr'><strong>prae-</strong></span> 
     </span>
     <span class='ocr_line' id='line_1_71' title="bbox 2249 1356 3551 1430; baseline -0.003 -14"><span class='ocrx_word' id='word_1_427' title='bbox 2249 1373 2378 1416; x_wconf 90' lang='lat' dir='ltr'><strong>tura</strong></span> <span class='ocrx_word' id='word_1_428' title='bbox 2427 1356 2703 1415; x_wconf 86' lang='lat' dir='ltr'><strong>habuisse</strong></span> <span class='ocrx_word' id='word_1_429' title='bbox 2759 1357 3028 1430; x_wconf 86' lang='lat' dir='ltr'><strong>exponit.</strong></span> <span class='ocrx_word' id='word_1_430' title='bbox 3113 1357 3338 1411; x_wconf 87' lang='lat' dir='ltr'><strong>Consul</strong></span> <span class='ocrx_word' id='word_1_431' title='bbox 3386 1374 3444 1410; x_wconf 80' lang='lat' dir='ltr'><strong>a.</strong></span> <span class='ocrx_word' id='word_1_432' title='bbox 3492 1374 3551 1412; x_wconf 89' lang='grc' dir='ltr'><strong>ιι.</strong></span> 
     </span>
     <span class='ocr_line' id='line_1_72' title="bbox 2249 1429 3552 1493; baseline -0.003 -3"><span class='ocrx_word' id='word_1_433' title='bbox 2249 1455 2299 1490; x_wconf 90' lang='lat' dir='ltr'><strong>c.</strong></span> <span class='ocrx_word' id='word_1_434' title='bbox 2349 1440 2481 1493; x_wconf 82' lang='lat'><strong>697.</strong></span> <span class='ocrx_word' id='word_1_435' title='bbox 2547 1434 2825 1489; x_wconf 80' lang='lat' dir='ltr'><strong>eximiam</strong></span> <span class='ocrx_word' id='word_1_436' title='bbox 2890 1431 3170 1488; x_wconf 86' lang='lat' dir='ltr'><strong>Ciceroni</strong></span> <span class='ocrx_word' id='word_1_437' title='bbox 3232 1429 3307 1487; x_wconf 83' lang='lat' dir='ltr'><strong>ab</strong></span> <span class='ocrx_word' id='word_1_438' title='bbox 3371 1432 3552 1486; x_wconf 86' lang='lat' dir='ltr'><strong>exilio</strong></span> 
     </span>
     <span class='ocr_line' id='line_1_73' title="bbox 2249 1507 3554 1581; baseline -0.001 -15"><span class='ocrx_word' id='word_1_439' title='bbox 2249 1509 2590 1566; x_wconf 85' lang='lat' dir='ltr'><strong>revocando</strong></span> <span class='ocrx_word' id='word_1_440' title='bbox 2629 1511 2871 1563; x_wconf 78' lang='lat' dir='ltr'><strong>navavit</strong></span> <span class='ocrx_word' id='word_1_441' title='bbox 2898 1525 3177 1581; x_wconf 73' lang='lat' dir='ltr'><strong>operam,</strong></span> <span class='ocrx_word' id='word_1_442' title='bbox 3226 1507 3387 1581; x_wconf 91' lang='lat' dir='ltr'><strong>quod</strong></span> <span class='ocrx_word' id='word_1_443' title='bbox 3429 1526 3554 1565; x_wconf 81' lang='lat' dir='ltr'><strong>me-</strong></span> 
     </span>
    </p>
   </div>
   <div class='ocr_carea' id='block_1_16' title="bbox 2214 1585 3633 1659">
    <p class='ocr_par' dir='ltr' id='par_1_16' title="bbox 2214 1585 3633 1659">
     <span class='ocr_line' id='line_1_74' title="bbox 2214 1585 3633 1659; baseline -0.003 -17"><span class='ocrx_word' id='word_1_444' title='bbox 2214 1591 2427 1642; x_wconf 84' lang='lat' dir='ltr'><strong>ritum</strong></span> <span class='ocrx_word' id='word_1_445' title='bbox 2472 1587 2567 1641; x_wconf 84' lang='lat' dir='ltr'><strong>hic</strong></span> <span class='ocrx_word' id='word_1_446' title='bbox 2612 1593 2784 1659; x_wconf 85' lang='lat' dir='ltr'><strong>grato</strong></span> <span class='ocrx_word' id='word_1_447' title='bbox 2832 1602 2901 1638; x_wconf 87' lang='lat' dir='ltr'><strong>ac</strong></span> <span class='ocrx_word' id='word_1_448' title='bbox 2946 1585 3043 1656; x_wconf 85' lang='lat' dir='ltr'><strong>pio</strong></span> <span class='ocrx_word' id='word_1_449' title='bbox 3093 1586 3292 1642; x_wconf 83' lang='lat' dir='ltr'><strong>animo</strong></span> <span class='ocrx_word' id='word_1_450' title='bbox 3340 1601 3555 1655; x_wconf 86' lang='lat' dir='ltr'><strong>saepe-</strong></span> <span class='ocrx_word' id='word_1_451' title='bbox 3629 1646 3633 1649; x_wconf 50' lang='grc'><strong>,</strong></span> 
     </span>
    </p>
   </div>
   <div class='ocr_carea' id='block_1_17' title="bbox 2249 1658 3621 4448">
    <p class='ocr_par' dir='ltr' id='par_1_17' title="bbox 2249 1658 3621 4448">
     <span class='ocr_line' id='line_1_75' title="bbox 2250 1658 3554 1717; baseline -0.005 0"><span class='ocrx_word' id='word_1_452' title='bbox 2250 1680 2498 1717; x_wconf 88' lang='lat' dir='ltr'><strong>numero</strong></span> <span class='ocrx_word' id='word_1_453' title='bbox 2553 1659 2836 1715; x_wconf 83' lang='lat' dir='ltr'><strong>celebrat.</strong></span> <span class='ocrx_word' id='word_1_454' title='bbox 2920 1658 3256 1714; x_wconf 87' lang='lat' dir='ltr'><strong>I&#39;rocousul</strong></span> <span class='ocrx_word' id='word_1_455' title='bbox 3307 1658 3554 1714; x_wconf 88' lang='lat' dir='ltr'><strong>Cilicia&#39;e</strong></span> 
     </span>
     <span class='ocr_line' id='line_1_76' title="bbox 2249 1735 3557 1806; baseline -0.005 -14"><span class='ocrx_word' id='word_1_456' title='bbox 2249 1759 2302 1792; x_wconf 84' lang='lat' dir='ltr'><strong>a.</strong></span> <span class='ocrx_word' id='word_1_457' title='bbox 2352 1758 2387 1792; x_wconf 89' lang='grc' dir='ltr'><strong>ιι</strong></span> <span class='ocrx_word' id='word_1_458' title='bbox 2450 1756 2501 1792; x_wconf 91' lang='lat' dir='ltr'><strong>c.</strong></span> <span class='ocrx_word' id='word_1_459' title='bbox 2544 1740 2897 1799; x_wconf 80' lang='lat'><strong>698—700;</strong></span> <span class='ocrx_word' id='word_1_460' title='bbox 2953 1752 3308 1790; x_wconf 85' lang='lat' dir='ltr'><strong>successore</strong></span> <span class='ocrx_word' id='word_1_461' title='bbox 3354 1735 3557 1806; x_wconf 86' lang='lat' dir='ltr'><strong>Appio</strong></span> 
     </span>
     <span class='ocr_line' id='line_1_77' title="bbox 2250 1808 3558 1884; baseline -0.005 -14"><span class='ocrx_word' id='word_1_462' title='bbox 2250 1813 2498 1870; x_wconf 87' lang='lat' dir='ltr'><strong>Claudio</strong></span> <span class='ocrx_word' id='word_1_463' title='bbox 2529 1811 2804 1866; x_wconf 86' lang='lat' dir='ltr'><strong>Pulchro.</strong></span> <span class='ocrx_word' id='word_1_464' title='bbox 2862 1809 2931 1865; x_wconf 90' lang='lat' dir='ltr'><strong>Iu</strong></span> <span class='ocrx_word' id='word_1_465' title='bbox 2967 1811 3078 1865; x_wconf 85' lang='lat' dir='ltr'><strong>hoc</strong></span> <span class='ocrx_word' id='word_1_466' title='bbox 3119 1808 3377 1884; x_wconf 83' lang='lat' dir='ltr'><strong>imperio</strong></span> <span class='ocrx_word' id='word_1_467' title='bbox 3406 1809 3558 1865; x_wconf 87' lang='lat' dir='ltr'><strong>Pto-</strong></span> 
     </span>
     <span class='ocr_line' id='line_1_78' title="bbox 2250 1880 3557 1960; baseline -0.004 -16"><span class='ocrx_word' id='word_1_468' title='bbox 2250 1890 2537 1944; x_wconf 87' lang='lat' dir='ltr'><strong>lemaeum</strong></span> <span class='ocrx_word' id='word_1_469' title='bbox 2569 1887 2854 1948; x_wconf 89' lang='lat' dir='ltr'><strong>Auleten‚</strong></span> <span class='ocrx_word' id='word_1_470' title='bbox 2897 1887 3159 1960; x_wconf 71' lang='lat' dir='ltr'><strong>Aegypti</strong></span> <span class='ocrx_word' id='word_1_471' title='bbox 3189 1903 3395 1959; x_wconf 82' lang='lat' dir='ltr'><strong>regem</strong></span> <span class='ocrx_word' id='word_1_472' title='bbox 3418 1925 3431 1949; x_wconf 88' lang='lat'><strong>,</strong></span> <span class='ocrx_word' id='word_1_473' title='bbox 3481 1880 3557 1939; x_wconf 83' lang='lat' dir='ltr'><strong>ab</strong></span> 
     </span>
     <span class='ocr_line' id='line_1_79' title="bbox 2255 1961 3560 2034; baseline -0.006 -13"><span class='ocrx_word' id='word_1_474' title='bbox 2255 1963 2679 2021; x_wconf 80' lang='lat' dir='ltr'><strong>Alexandrinis</strong></span> <span class='ocrx_word' id='word_1_475' title='bbox 2743 1962 3051 2034; x_wconf 73' lang='lat' dir='ltr'><strong>expulsum</strong></span> <span class='ocrx_word' id='word_1_476' title='bbox 3111 1961 3403 2016; x_wconf 87' lang='lat' dir='ltr'><strong>reducere</strong></span> <span class='ocrx_word' id='word_1_477' title='bbox 3453 1978 3560 2014; x_wconf 84' lang='lat' dir='ltr'><strong>vo·-</strong></span> 
     </span>
     <span class='ocr_line' id='line_1_80' title="bbox 2253 2035 3559 2113; baseline -0.004 -19"><span class='ocrx_word' id='word_1_478' title='bbox 2253 2038 2442 2104; x_wconf 79' lang='lat' dir='ltr'><strong>lebat3</strong></span> <span class='ocrx_word' id='word_1_479' title='bbox 2507 2056 2620 2113; x_wconf 84' lang='lat' dir='ltr'><strong>qua</strong></span> <span class='ocrx_word' id='word_1_480' title='bbox 2679 2038 2749 2092; x_wconf 92' lang='lat' dir='ltr'><strong>de</strong></span> <span class='ocrx_word' id='word_1_481' title='bbox 2792 2056 2969 2091; x_wconf 87' lang='lat' dir='ltr'><strong>causa</strong></span> <span class='ocrx_word' id='word_1_482' title='bbox 3013 2037 3199 2092; x_wconf 82' lang='lat' dir='ltr'><strong>variis</strong></span> <span class='ocrx_word' id='word_1_483' title='bbox 3240 2035 3559 2093; x_wconf 78' lang='lat' dir='ltr'><strong>calumniis</strong></span> 
     </span>
     <span class='ocr_line' id='line_1_81' title="bbox 2254 2113 3561 2188; baseline -0.006 -17"><span class='ocrx_word' id='word_1_484' title='bbox 2254 2116 2356 2171; x_wconf 85' lang='lat' dir='ltr'><strong>(liu</strong></span> <span class='ocrx_word' id='word_1_485' title='bbox 2381 2113 2748 2188; x_wconf 85' lang='lat' dir='ltr'><strong>multumque</strong></span> <span class='ocrx_word' id='word_1_486' title='bbox 2779 2113 2836 2166; x_wconf 91' lang='lat' dir='ltr'><strong>in</strong></span> <span class='ocrx_word' id='word_1_487' title='bbox 2867 2120 3076 2168; x_wconf 80' lang='lat' dir='ltr'><strong>senatu</strong></span> <span class='ocrx_word' id='word_1_488' title='bbox 3105 2114 3332 2181; x_wconf 72' lang='lat' dir='ltr'><strong>agitata</strong></span> <span class='ocrx_word' id='word_1_489' title='bbox 3371 2118 3561 2184; x_wconf 73' lang='lat' dir='ltr'><strong>agunt</strong></span> 
     </span>
     <span class='ocr_line' id='line_1_82' title="bbox 2253 2186 3556 2264; baseline -0.005 -18"><span class='ocrx_word' id='word_1_490' title='bbox 2253 2192 2407 2264; x_wconf 83' lang='lat' dir='ltr'><strong>Epp.</strong></span> <span class='ocrx_word' id='word_1_491' title='bbox 2456 2191 2527 2244; x_wconf 88' lang='lat' dir='ltr'><strong>ad</strong></span> <span class='ocrx_word' id='word_1_492' title='bbox 2573 2190 2733 2243; x_wconf 84' lang='lat' dir='ltr'><strong>Fam.</strong></span> <span class='ocrx_word' id='word_1_493' title='bbox 2775 2189 2844 2242; x_wconf 86' lang='lat' dir='ltr'><strong>L.</strong></span> <span class='ocrx_word' id='word_1_494' title='bbox 2890 2192 3071 2248; x_wconf 90' lang='grc'><strong>1-6.</strong></span> <span class='ocrx_word' id='word_1_495' title='bbox 3126 2187 3300 2244; x_wconf 83' lang='lat' dir='ltr'><strong>Libri</strong></span> <span class='ocrx_word' id='word_1_496' title='bbox 3343 2186 3556 2261; x_wconf 85' lang='lat' dir='ltr'><strong>primi;</strong></span> 
     </span>
     <span class='ocr_line' id='line_1_83' title="bbox 2253 2264 3554 2341; baseline -0.005 -21"><span class='ocrx_word' id='word_1_497' title='bbox 2253 2285 2545 2341; x_wconf 83' lang='lat' dir='ltr'><strong>quamque</strong></span> <span class='ocrx_word' id='word_1_498' title='bbox 2613 2273 2671 2318; x_wconf 89' lang='lat' dir='ltr'><strong>et</strong></span> <span class='ocrx_word' id='word_1_499' title='bbox 2730 2264 2884 2337; x_wconf 87' lang='lat' dir='ltr'><strong>Epp.</strong></span> <span class='ocrx_word' id='word_1_500' title='bbox 2946 2270 2975 2320; x_wconf 91' lang='lat'><em>7</em></span> <span class='ocrx_word' id='word_1_501' title='bbox 3022 2271 3081 2317; x_wconf 84' lang='lat' dir='ltr'><strong>et</strong></span> <span class='ocrx_word' id='word_1_502' title='bbox 3127 2273 3178 2323; x_wconf 88' lang='grc'><strong>8.</strong></span> <span class='ocrx_word' id='word_1_503' title='bbox 3226 2266 3554 2336; x_wconf 77' lang='lat' dir='ltr'><strong>attingunt,</strong></span> 
     </span>
     <span class='ocr_line' id='line_1_84' title="bbox 2254 2337 3558 2412; baseline -0.004 -16"><span class='ocrx_word' id='word_1_504' title='bbox 2254 2361 2388 2397; x_wconf 89' lang='lat' dir='ltr'><strong>cum</strong></span> <span class='ocrx_word' id='word_1_505' title='bbox 2436 2344 2496 2396; x_wconf 90' lang='lat' dir='ltr'><strong>in</strong></span> <span class='ocrx_word' id='word_1_506' title='bbox 2543 2359 2699 2395; x_wconf 83' lang='lat' dir='ltr'><strong>nona</strong></span> <span class='ocrx_word' id='word_1_507' title='bbox 2746 2340 2817 2395; x_wconf 91' lang='lat' dir='ltr'><strong>de</strong></span> <span class='ocrx_word' id='word_1_508' title='bbox 2863 2358 2926 2394; x_wconf 90' lang='lat' dir='ltr'><strong>sc</strong></span> <span class='ocrx_word' id='word_1_509' title='bbox 2975 2342 3106 2412; x_wconf 88' lang='lat' dir='ltr'><strong>ipso</strong></span> <span class='ocrx_word' id='word_1_510' title='bbox 3157 2348 3297 2411; x_wconf 75' lang='lat' dir='ltr'><strong>agat</strong></span> <span class='ocrx_word' id='word_1_511' title='bbox 3343 2337 3558 2395; x_wconf 88' lang='lat' dir='ltr'><strong>Cicero</strong></span> 
     </span>
     <span class='ocr_line' id='line_1_85' title="bbox 2256 2412 3557 2491; baseline -0.004 -20"><span class='ocrx_word' id='word_1_512' title='bbox 2256 2427 2314 2472; x_wconf 85' lang='lat' dir='ltr'><strong>et</strong></span> <span class='ocrx_word' id='word_1_513' title='bbox 2343 2429 2606 2471; x_wconf 82' lang='lat' dir='ltr'><strong>rationes</strong></span> <span class='ocrx_word' id='word_1_514' title='bbox 2636 2424 2925 2491; x_wconf 86' lang='lat' dir='ltr'><strong>exponat.</strong></span> <span class='ocrx_word' id='word_1_515' title='bbox 2957 2434 3104 2489; x_wconf 83' lang='lat' dir='ltr'><strong>quas</strong></span> <span class='ocrx_word' id='word_1_516' title='bbox 3131 2414 3195 2469; x_wconf 88' lang='lat' dir='ltr'><strong>in</strong></span> <span class='ocrx_word' id='word_1_517' title='bbox 3225 2434 3289 2470; x_wconf 91' lang='lat' dir='ltr'><strong>re</strong></span> <span class='ocrx_word' id='word_1_518' title='bbox 3322 2412 3557 2487; x_wconf 80' lang='lat' dir='ltr'><strong>publica</strong></span> 
     </span>
     <span class='ocr_line' id='line_1_86' title="bbox 2256 2487 3559 2565; baseline -0.002 -19"><span class='ocrx_word' id='word_1_519' title='bbox 2256 2492 2728 2547; x_wconf 83' lang='lat' dir='ltr'><strong>administranda</strong></span> <span class='ocrx_word' id='word_1_520' title='bbox 2778 2502 3082 2565; x_wconf 88' lang='lat' dir='ltr'><strong>sequatur.</strong></span> <span class='ocrx_word' id='word_1_521' title='bbox 3160 2490 3230 2546; x_wconf 91' lang='lat' dir='ltr'><strong>Iu</strong></span> <span class='ocrx_word' id='word_1_522' title='bbox 3276 2487 3436 2544; x_wconf 86' lang='lat' dir='ltr'><strong>bello</strong></span> <span class='ocrx_word' id='word_1_523' title='bbox 3471 2489 3559 2543; x_wconf 90' lang='lat' dir='ltr'><strong>ci-</strong></span> 
     </span>
     <span class='ocr_line' id='line_1_87' title="bbox 2261 2564 3621 2640; baseline -0.007 -18"><span class='ocrx_word' id='word_1_524' title='bbox 2261 2569 2358 2623; x_wconf 80' lang='lat' dir='ltr'><strong>vili</strong></span> <span class='ocrx_word' id='word_1_525' title='bbox 2404 2569 2670 2640; x_wconf 80' lang='lat' dir='ltr'><strong>Pompeii</strong></span> <span class='ocrx_word' id='word_1_526' title='bbox 2718 2578 2921 2640; x_wconf 85' lang='lat' dir='ltr'><strong>partes</strong></span> <span class='ocrx_word' id='word_1_527' title='bbox 2966 2575 3204 2621; x_wconf 82' lang='lat' dir='ltr'><strong>secutus</strong></span> <span class='ocrx_word' id='word_1_528' title='bbox 3252 2574 3360 2620; x_wconf 88' lang='lat' dir='ltr'><strong>est.</strong></span> <span class='ocrx_word' id='word_1_529' title='bbox 3417 2564 3561 2620; x_wconf 84' lang='lat' dir='ltr'><strong>Post</strong></span> <span class='ocrx_word' id='word_1_530' title='bbox 3614 2607 3621 2613; x_wconf 90' lang='lat'><strong>.</strong></span> 
     </span>
     <span class='ocr_line' id='line_1_88' title="bbox 2258 2632 3564 2717; baseline -0.003 -20"><span class='ocrx_word' id='word_1_531' title='bbox 2258 2663 2518 2717; x_wconf 73' lang='lat' dir='ltr'><strong>pugnam</strong></span> <span class='ocrx_word' id='word_1_532' title='bbox 2542 2641 2753 2697; x_wconf 83' lang='lat' dir='ltr'><strong>deinde</strong></span> <span class='ocrx_word' id='word_1_533' title='bbox 2784 2632 3212 2707; x_wconf 82' lang='lat' dir='ltr'><strong>Pharsalicam,</strong></span> <span class='ocrx_word' id='word_1_534' title='bbox 3246 2641 3343 2696; x_wconf 92' lang='lat' dir='ltr'><strong>cui</strong></span> <span class='ocrx_word' id='word_1_535' title='bbox 3374 2643 3564 2695; x_wconf 89' lang='lat' dir='ltr'><strong>iuter-</strong></span> 
     </span>
     <span class='ocr_line' id='line_1_89' title="bbox 2258 2716 3561 2782; baseline -0.005 -7"><span class='ocrx_word' id='word_1_536' title='bbox 2258 2722 2482 2782; x_wconf 79' lang='lat' dir='ltr'><strong>fuerat,</strong></span> <span class='ocrx_word' id='word_1_537' title='bbox 2529 2719 2778 2774; x_wconf 86' lang='lat' dir='ltr'><strong>navibus</strong></span> <span class='ocrx_word' id='word_1_538' title='bbox 2828 2718 2884 2772; x_wconf 79' lang='lat' dir='ltr'><strong>sn</strong></span> <span class='ocrx_word' id='word_1_539' title='bbox 2937 2719 3059 2779; x_wconf 71' lang='lat' dir='ltr'><strong>‘ens</strong></span> <span class='ocrx_word' id='word_1_540' title='bbox 3090 2737 3120 2771; x_wconf 85' lang='lat' dir='ltr'><strong>a</strong></span> <span class='ocrx_word' id='word_1_541' title='bbox 3154 2716 3401 2771; x_wconf 81' lang='lat' dir='ltr'><strong>Rhodiis</strong></span> <span class='ocrx_word' id='word_1_542' title='bbox 3440 2733 3561 2770; x_wconf 89' lang='lat' dir='ltr'><strong>non</strong></span> 
     </span>
     <span class='ocr_line' id='line_1_90' title="bbox 3011 2789 3565 2865; baseline -0.005 -18"><span class='ocrx_word' id='word_1_543' title='bbox 3011 2790 3091 2847; x_wconf 90' lang='lat' dir='ltr'><strong>llo</strong></span> <span class='ocrx_word' id='word_1_544' title='bbox 3122 2794 3320 2865; x_wconf 87' lang='lat' dir='ltr'><strong>periit.</strong></span> <span class='ocrx_word' id='word_1_545' title='bbox 3372 2789 3565 2846; x_wconf 57' lang='lat' dir='ltr'><strong>Nvtr-</strong></span> 
     </span>
     <span class='ocr_line' id='line_1_91' title="bbox 2259 2865 3564 2924; baseline -0.003 0"><span class='ocrx_word' id='word_1_546' title='bbox 2259 2891 2391 2924; x_wconf 66' lang='grc' dir='ltr'><strong>κει..</strong></span> <span class='ocrx_word' id='word_1_547' title='bbox 2426 2870 2629 2923; x_wconf 87' lang='lat' dir='ltr'><strong>-Ille</strong></span> <span class='ocrx_word' id='word_1_548' title='bbox 2678 2881 3017 2924; x_wconf 87' lang='lat' dir='ltr'><strong>nostrarum</strong></span> <span class='ocrx_word' id='word_1_549' title='bbox 3066 2868 3424 2923; x_wconf 88' lang='lat' dir='ltr'><strong>iniuriarum</strong></span> <span class='ocrx_word' id='word_1_550' title='bbox 3474 2865 3564 2920; x_wconf 82' lang='lat' dir='ltr'><strong>ul·-</strong></span> 
     </span>
     <span class='ocr_line' id='line_1_92' title="bbox 2262 2941 3559 3018; baseline -0.004 -19"><span class='ocrx_word' id='word_1_551' title='bbox 2262 2955 2391 3010; x_wconf 89' lang='lat' dir='ltr'><strong>tor,</strong></span> <span class='ocrx_word' id='word_1_552' title='bbox 2442 2956 2652 2999; x_wconf 85' lang='lat' dir='ltr'><strong>auctor</strong></span> <span class='ocrx_word' id='word_1_553' title='bbox 2697 2944 2941 3008; x_wconf 88' lang='lat' dir='ltr'><strong>salutis,</strong></span> <span class='ocrx_word' id='word_1_554' title='bbox 2991 2942 3281 3018; x_wconf 85' lang='lat' dir='ltr'><strong>quidquid</strong></span> <span class='ocrx_word' id='word_1_555' title='bbox 3332 2941 3559 3007; x_wconf 85' lang='lat' dir='ltr'><strong>babuit,</strong></span> 
     </span>
     <span class='ocr_line' id='line_1_93' title="bbox 2260 3017 3566 3097; baseline -0.004 -21"><span class='ocrx_word' id='word_1_556' title='bbox 2260 3032 2786 3097; x_wconf 84' lang='lat' dir='ltr'><strong>quantumcunque</strong></span> <span class='ocrx_word' id='word_1_557' title='bbox 2830 3021 2969 3083; x_wconf 85' lang='lat' dir='ltr'><strong>fuit,</strong></span> <span class='ocrx_word' id='word_1_558' title='bbox 3022 3017 3163 3073; x_wconf 89' lang='lat' dir='ltr'><strong>illud</strong></span> <span class='ocrx_word' id='word_1_559' title='bbox 3228 3028 3417 3073; x_wconf 86' lang='lat' dir='ltr'><strong>totum</strong></span> <span class='ocrx_word' id='word_1_560' title='bbox 3458 3018 3566 3072; x_wconf 75' lang='lat' dir='ltr'><strong>ha-</strong></span> 
     </span>
     <span class='ocr_line' id='line_1_94' title="bbox 2263 3095 3565 3167; baseline -0.004 -15"><span class='ocrx_word' id='word_1_561' title='bbox 2263 3097 2387 3152; x_wconf 86' lang='lat' dir='ltr'><strong>buit</strong></span> <span class='ocrx_word' id='word_1_562' title='bbox 2425 3096 2835 3167; x_wconf 68' lang='lat' dir='ltr'><strong>e‚disciplina:</strong></span> <span class='ocrx_word' id='word_1_563' title='bbox 2880 3095 3278 3150; x_wconf 86' lang='lat' dir='ltr'><strong>instrumenta</strong></span> <span class='ocrx_word' id='word_1_564' title='bbox 3314 3103 3565 3147; x_wconf 78' lang='lat' dir='ltr'><strong>naturae</strong></span> 
     </span>
     <span class='ocr_line' id='line_1_95' title="bbox 2262 3169 3563 3243; baseline -0.002 -18"><span class='ocrx_word' id='word_1_565' title='bbox 2262 3173 2541 3236; x_wconf 79' lang='lat' dir='ltr'><strong>‹leerant;</strong></span> <span class='ocrx_word' id='word_1_566' title='bbox 2611 3171 2715 3226; x_wconf 89' lang='lat' dir='ltr'><strong>sed</strong></span> <span class='ocrx_word' id='word_1_567' title='bbox 2774 3179 2972 3224; x_wconf 82' lang='lat' dir='ltr'><strong>tantus</strong></span> <span class='ocrx_word' id='word_1_568' title='bbox 3031 3171 3216 3223; x_wconf 84' lang='lat' dir='ltr'><strong>animi</strong></span> <span class='ocrx_word' id='word_1_569' title='bbox 3273 3169 3563 3243; x_wconf 85' lang='lat' dir='ltr'><strong>splendor</strong></span> 
     </span>
     <span class='ocr_line' id='line_1_96' title="bbox 2263 3243 3561 3316; baseline -0.003 -14"><span class='ocrx_word' id='word_1_570' title='bbox 2263 3257 2322 3302; x_wconf 87' lang='lat' dir='ltr'><strong>ct</strong></span> <span class='ocrx_word' id='word_1_571' title='bbox 2371 3256 2531 3301; x_wconf 82' lang='lat' dir='ltr'><strong>tanta</strong></span> <span class='ocrx_word' id='word_1_572' title='bbox 2588 3245 2963 3316; x_wconf 73' lang='lat' dir='ltr'><strong>magnitudo,</strong></span> <span class='ocrx_word' id='word_1_573' title='bbox 3034 3253 3099 3297; x_wconf 88' lang='lat' dir='ltr'><strong>ut</strong></span> <span class='ocrx_word' id='word_1_574' title='bbox 3156 3243 3270 3299; x_wconf 85' lang='lat' dir='ltr'><strong>sibi</strong></span> <span class='ocrx_word' id='word_1_575' title='bbox 3336 3244 3561 3308; x_wconf 75' lang='lat' dir='ltr'><strong>omnia,</strong></span> 
     </span>
     <span class='ocr_line' id='line_1_97' title="bbox 2265 3321 3566 3398; baseline -0.002 -23"><span class='ocrx_word' id='word_1_576' title='bbox 2265 3343 2413 3398; x_wconf 86' lang='lat' dir='ltr'><strong>quae</strong></span> <span class='ocrx_word' id='word_1_577' title='bbox 2462 3321 2768 3376; x_wconf 81' lang='lat' dir='ltr'><strong>clarorum</strong></span> <span class='ocrx_word' id='word_1_578' title='bbox 2823 3324 3090 3376; x_wconf 88' lang='lat' dir='ltr'><strong>virorum</strong></span> <span class='ocrx_word' id='word_1_579' title='bbox 3142 3328 3378 3386; x_wconf 85' lang='lat' dir='ltr'><strong>essent,</strong></span> <span class='ocrx_word' id='word_1_580' title='bbox 3446 3336 3566 3373; x_wconf 88' lang='lat' dir='ltr'><strong>non</strong></span> 
     </span>
     <span class='ocr_line' id='line_1_98' title="bbox 2267 3392 3568 3470; baseline -0.002 -20"><span class='ocrx_word' id='word_1_581' title='bbox 2267 3398 2563 3452; x_wconf 79' lang='lat' dir='ltr'><strong>dubitaret</strong></span> <span class='ocrx_word' id='word_1_582' title='bbox 2592 3397 2927 3452; x_wconf 81' lang='lat' dir='ltr'><strong>adsciscere</strong></span> <span class='ocrx_word' id='word_1_583' title='bbox 2956 3413 3142 3470; x_wconf 86' lang='lat' dir='ltr'><strong>eaque</strong></span> <span class='ocrx_word' id='word_1_584' title='bbox 3184 3397 3348 3450; x_wconf 88' lang='lat' dir='ltr'><strong>omni</strong></span> <span class='ocrx_word' id='word_1_585' title='bbox 3377 3392 3568 3468; x_wconf 74' lang='lat' dir='ltr'><strong>digni·</strong></span> 
     </span>
     <span class='ocr_line' id='line_1_99' title="bbox 2269 3470 3569 3535; baseline -0.003 -8"><span class='ocrx_word' id='word_1_586' title='bbox 2269 3483 2383 3527; x_wconf 90' lang='lat' dir='ltr'><strong>tate</strong></span> <span class='ocrx_word' id='word_1_587' title='bbox 2425 3473 2740 3527; x_wconf 87' lang='lat' dir='ltr'><strong>obtineret.</strong></span> <span class='ocrx_word' id='word_1_588' title='bbox 2800 3472 2967 3527; x_wconf 86' lang='lat' dir='ltr'><strong>Brut.</strong></span> <span class='ocrx_word' id='word_1_589' title='bbox 3008 3478 3110 3535; x_wconf 68' lang='lat'><strong>77,</strong></span> <span class='ocrx_word' id='word_1_590' title='bbox 3161 3478 3289 3529; x_wconf 82' lang='grc'><strong>268.</strong></span> <span class='ocrx_word' id='word_1_591' title='bbox 3338 3500 3398 3509; x_wconf 92' lang='grc'><strong>-</strong></span> <span class='ocrx_word' id='word_1_592' title='bbox 3445 3470 3569 3524; x_wconf 84' lang='lat' dir='ltr'><strong>Ae-</strong></span> 
     </span>
     <span class='ocr_line' id='line_1_100' title="bbox 2268 3544 3569 3608; baseline -0.002 -5"><span class='ocrx_word' id='word_1_593' title='bbox 2268 3550 2405 3605; x_wconf 82' lang='lat' dir='ltr'><strong>dilis</strong></span> <span class='ocrx_word' id='word_1_594' title='bbox 2462 3568 2515 3602; x_wconf 90' lang='lat' dir='ltr'><strong>a.</strong></span> <span class='ocrx_word' id='word_1_595' title='bbox 2568 3567 2624 3602; x_wconf 90' lang='grc' dir='ltr'><strong>ιι.</strong></span> <span class='ocrx_word' id='word_1_596' title='bbox 2680 3568 2734 3603; x_wconf 92' lang='lat' dir='ltr'><strong>c.</strong></span> <span class='ocrx_word' id='word_1_597' title='bbox 2785 3553 2940 3608; x_wconf 62' lang='lat'>6:71:</span> <span class='ocrx_word' id='word_1_598' title='bbox 3011 3546 3082 3600; x_wconf 91' lang='lat' dir='ltr'><strong>Ei</strong></span> <span class='ocrx_word' id='word_1_599' title='bbox 3148 3546 3216 3600; x_wconf 90' lang='lat' dir='ltr'><strong>P.</strong></span> <span class='ocrx_word' id='word_1_600' title='bbox 3277 3544 3569 3601; x_wconf 87' lang='lat' dir='ltr'><strong>Lentulus</strong></span> 
     </span>
     <span class='ocr_line' id='line_1_101' title="bbox 2270 3619 3564 3680; baseline -0.004 -1"><span class='ocrx_word' id='word_1_601' title='bbox 2270 3625 2420 3679; x_wconf 75' lang='lat' dir='ltr'><strong>Sura</strong></span> <span class='ocrx_word' id='word_1_602' title='bbox 2472 3628 2529 3680; x_wconf 88' lang='grc' dir='ltr'><strong>ιιι</strong></span> <span class='ocrx_word' id='word_1_603' title='bbox 2593 3623 2843 3677; x_wconf 85' lang='lat' dir='ltr'><strong>liberam</strong></span> <span class='ocrx_word' id='word_1_604' title='bbox 2905 3622 3236 3677; x_wconf 85' lang='lat' dir='ltr'><strong>custodiam</strong></span> <span class='ocrx_word' id='word_1_605' title='bbox 3283 3619 3564 3676; x_wconf 82' lang='lat' dir='ltr'><strong>traditur.</strong></span> 
     </span>
     <span class='ocr_line' id='line_1_102' title="bbox 2272 3696 3574 3770; baseline -0.005 -15"><span class='ocrx_word' id='word_1_606' title='bbox 2272 3701 2393 3755; x_wconf 78' lang='lat' dir='ltr'><strong>Sal.</strong></span> <span class='ocrx_word' id='word_1_607' title='bbox 2440 3699 2614 3755; x_wconf 70' lang='lat' dir='ltr'><strong>Catil.</strong></span> <span class='ocrx_word' id='word_1_608' title='bbox 2646 3702 2741 3756; x_wconf 75' lang='lat'><strong>47.</strong></span> <span class='ocrx_word' id='word_1_609' title='bbox 2775 3729 2839 3741; x_wconf 90' lang='lat'><strong>·-</strong></span> <span class='ocrx_word' id='word_1_610' title='bbox 2870 3700 3013 3754; x_wconf 87' lang='lat' dir='ltr'><strong>Eius</strong></span> <span class='ocrx_word' id='word_1_611' title='bbox 3045 3696 3314 3752; x_wconf 82' lang='lat' dir='ltr'><strong>aedilitas</strong></span> <span class='ocrx_word' id='word_1_612' title='bbox 3344 3698 3574 3770; x_wconf 82' lang='lat' dir='ltr'><strong>magni-</strong></span> 
     </span>
     <span class='ocr_line' id='line_1_103' title="bbox 2271 3772 3576 3831; baseline -0.004 -1"><span class='ocrx_word' id='word_1_613' title='bbox 2271 3775 2654 3830; x_wconf 82' lang='lat' dir='ltr'><strong>ficentissima</strong></span> <span class='ocrx_word' id='word_1_614' title='bbox 2698 3793 2752 3829; x_wconf 88' lang='lat' dir='ltr'><strong>a.</strong></span> <span class='ocrx_word' id='word_1_615' title='bbox 2797 3793 2853 3827; x_wconf 93' lang='lat' dir='ltr'><strong>u.</strong></span> <span class='ocrx_word' id='word_1_616' title='bbox 2900 3795 2950 3830; x_wconf 94' lang='lat' dir='ltr'><strong>c.</strong></span> <span class='ocrx_word' id='word_1_617' title='bbox 2992 3777 3120 3831; x_wconf 90' lang='grc'><strong>691.</strong></span> <span class='ocrx_word' id='word_1_618' title='bbox 3168 3790 3375 3826; x_wconf 85' lang='lat' dir='ltr'><strong>omnes</strong></span> <span class='ocrx_word' id='word_1_619' title='bbox 3427 3772 3576 3826; x_wconf 70' lang='lat' dir='ltr'><strong>vicit</strong></span> 
     </span>
     <span class='ocr_line' id='line_1_104' title="bbox 2268 3847 3575 3925; baseline -0.004 -20"><span class='ocrx_word' id='word_1_620' title='bbox 2268 3853 2632 3925; x_wconf 85' lang='lat' dir='ltr'><strong>superiores.</strong></span> <span class='ocrx_word' id='word_1_621' title='bbox 2680 3848 2748 3903; x_wconf 91' lang='lat' dir='ltr'><strong>de</strong></span> <span class='ocrx_word' id='word_1_622' title='bbox 2780 3849 2898 3905; x_wconf 79' lang='lat' dir='ltr'><strong>Off.</strong></span> <span class='ocrx_word' id='word_1_623' title='bbox 2934 3859 2998 3912; x_wconf 87' lang='grc'><strong>2,</strong></span> <span class='ocrx_word' id='word_1_624' title='bbox 3036 3853 3126 3907; x_wconf 90' lang='lat'><strong>16.</strong></span> <span class='ocrx_word' id='word_1_625' title='bbox 3161 3853 3253 3906; x_wconf 88' lang='grc'><strong>57.</strong></span> <span class='ocrx_word' id='word_1_626' title='bbox 3287 3876 3353 3888; x_wconf 91' lang='lat'>—</span> <span class='ocrx_word' id='word_1_627' title='bbox 3382 3847 3575 3903; x_wconf 87' lang='lat' dir='ltr'><strong>Prae-</strong></span> 
     </span>
     <span class='ocr_line' id='line_1_105' title="bbox 2272 3922 3576 3982; baseline -0.002 -2"><span class='ocrx_word' id='word_1_628' title='bbox 2272 3937 2431 3982; x_wconf 89' lang='lat' dir='ltr'><strong>tores</strong></span> <span class='ocrx_word' id='word_1_629' title='bbox 2477 3925 2758 3981; x_wconf 83' lang='lat' dir='ltr'><strong>babemus</strong></span> <span class='ocrx_word' id='word_1_630' title='bbox 2806 3927 3197 3980; x_wconf 86' lang='lat' dir='ltr'><strong>amicissimos</strong></span> <span class='ocrx_word' id='word_1_631' title='bbox 3238 3933 3294 3977; x_wconf 91' lang='lat' dir='ltr'><strong>et</strong></span> <span class='ocrx_word' id='word_1_632' title='bbox 3339 3922 3576 3978; x_wconf 85' lang='lat' dir='ltr'><strong>acerri-</strong></span> 
     </span>
     <span class='ocr_line' id='line_1_106' title="bbox 2272 3996 3575 4073; baseline -0.003 -16"><span class='ocrx_word' id='word_1_633' title='bbox 2272 4021 2398 4057; x_wconf 88' lang='lat' dir='ltr'><strong>mos</strong></span> <span class='ocrx_word' id='word_1_634' title='bbox 2429 4005 2611 4065; x_wconf 74' lang='lat' dir='ltr'><strong>cives,</strong></span> <span class='ocrx_word' id='word_1_635' title='bbox 2638 4001 2985 4065; x_wconf 82' lang='lat' dir='ltr'><strong>Domitium,</strong></span> <span class='ocrx_word' id='word_1_636' title='bbox 3019 3998 3343 4073; x_wconf 81' lang='lat' dir='ltr'><strong>Nigidium,</strong></span> <span class='ocrx_word' id='word_1_637' title='bbox 3381 3996 3575 4053; x_wconf 79' lang='lat' dir='ltr'><strong>Mem-</strong></span> 
     </span>
     <span class='ocr_line' id='line_1_107' title="bbox 2269 4072 3573 4146; baseline -0.005 -13"><span class='ocrx_word' id='word_1_638' title='bbox 2269 4080 2483 4142; x_wconf 82' lang='lat' dir='ltr'><strong>mium,</strong></span> <span class='ocrx_word' id='word_1_639' title='bbox 2538 4076 2873 4131; x_wconf 88' lang='lat' dir='ltr'><strong>Lentulum.</strong></span> <span class='ocrx_word' id='word_1_640' title='bbox 2922 4083 3012 4144; x_wconf 89' lang='lat' dir='ltr'><strong>(a.</strong></span> <span class='ocrx_word' id='word_1_641' title='bbox 3061 4093 3119 4129; x_wconf 89' lang='lat' dir='ltr'><strong>u.</strong></span> <span class='ocrx_word' id='word_1_642' title='bbox 3164 4093 3218 4130; x_wconf 90' lang='lat' dir='ltr'><strong>c.</strong></span> <span class='ocrx_word' id='word_1_643' title='bbox 3262 4074 3441 4146; x_wconf 80' lang='lat'><strong>695.)</strong></span> <span class='ocrx_word' id='word_1_644' title='bbox 3497 4072 3573 4127; x_wconf 88' lang='lat' dir='ltr'><strong>ad</strong></span> 
     </span>
     <span class='ocr_line' id='line_1_108' title="bbox 2272 4149 3578 4224; baseline -0.004 -16"><span class='ocrx_word' id='word_1_645' title='bbox 2272 4155 2345 4224; x_wconf 81' lang='lat' dir='ltr'><strong>Q.</strong></span> <span class='ocrx_word' id='word_1_646' title='bbox 2412 4154 2510 4208; x_wconf 82' lang='lat' dir='ltr'><strong>Fr.</strong></span> <span class='ocrx_word' id='word_1_647' title='bbox 2583 4162 2638 4215; x_wconf 95' lang='grc'><strong>1,</strong></span> <span class='ocrx_word' id='word_1_648' title='bbox 2706 4160 2773 4216; x_wconf 91' lang='grc'><strong>2,</strong></span> <span class='ocrx_word' id='word_1_649' title='bbox 2838 4157 2903 4216; x_wconf 92' lang='grc'><strong>5,</strong></span> <span class='ocrx_word' id='word_1_650' title='bbox 2980 4156 3061 4207; x_wconf 82' lang='grc'><strong>15.</strong></span> <span class='ocrx_word' id='word_1_651' title='bbox 3110 4181 3173 4191; x_wconf 92' lang='grc'>-</span> <span class='ocrx_word' id='word_1_652' title='bbox 3219 4149 3419 4205; x_wconf 85' lang='lat' dir='ltr'><strong>Credo</strong></span> <span class='ocrx_word' id='word_1_653' title='bbox 3479 4158 3578 4204; x_wconf 77' lang='lat' dir='ltr'><strong>tua</strong></span> 
     </span>
     <span class='ocr_line' id='line_1_109' title="bbox 2272 4224 3579 4300; baseline -0.002 -17"><span class='ocrx_word' id='word_1_654' title='bbox 2272 4248 2444 4283; x_wconf 73' lang='lat' dir='ltr'><strong>causa</strong></span> <span class='ocrx_word' id='word_1_655' title='bbox 2498 4228 2643 4283; x_wconf 60' lang='lat' dir='ltr'><strong>zelle</strong></span> <span class='ocrx_word' id='word_1_656' title='bbox 2692 4227 3044 4290; x_wconf 81' lang='lat' dir='ltr'><strong>Lentulum,</strong></span> <span class='ocrx_word' id='word_1_657' title='bbox 3115 4226 3215 4300; x_wconf 83' lang='lat' dir='ltr'><strong>qui</strong></span> <span class='ocrx_word' id='word_1_658' title='bbox 3264 4224 3382 4279; x_wconf 89' lang='lat' dir='ltr'><strong>erit</strong></span> <span class='ocrx_word' id='word_1_659' title='bbox 3427 4243 3579 4281; x_wconf 85' lang='lat' dir='ltr'><strong>con-</strong></span> 
     </span>
     <span class='ocr_line' id='line_1_110' title="bbox 2272 4300 3573 4374; baseline -0.005 -15"><span class='ocrx_word' id='word_1_660' title='bbox 2272 4305 2380 4359; x_wconf 85' lang='lat' dir='ltr'><strong>sul.</strong></span> <span class='ocrx_word' id='word_1_661' title='bbox 2431 4313 2517 4369; x_wconf 90' lang='lat' dir='ltr'><strong>(a.</strong></span> <span class='ocrx_word' id='word_1_662' title='bbox 2571 4321 2626 4358; x_wconf 89' lang='grc' dir='ltr'><strong>ιι.</strong></span> <span class='ocrx_word' id='word_1_663' title='bbox 2680 4323 2730 4357; x_wconf 88' lang='lat' dir='ltr'><strong>c.</strong></span> <span class='ocrx_word' id='word_1_664' title='bbox 2782 4307 2949 4364; x_wconf 79' lang='grc'><strong>696.)</strong></span> <span class='ocrx_word' id='word_1_665' title='bbox 3015 4300 3166 4356; x_wconf 86' lang='lat' dir='ltr'><strong>Ibid.</strong></span> <span class='ocrx_word' id='word_1_666' title='bbox 3230 4300 3341 4374; x_wconf 85' lang='lat' dir='ltr'><strong>Ep.</strong></span> <span class='ocrx_word' id='word_1_667' title='bbox 3401 4300 3471 4364; x_wconf 74' lang='lat'><strong>4,</strong></span> <span class='ocrx_word' id='word_1_668' title='bbox 3517 4304 3573 4357; x_wconf 85' lang='lat'><strong>5.</strong></span> 
     </span>
     <span class='ocr_line' id='line_1_111' title="bbox 2271 4374 3579 4448; baseline -0.006 -12"><span class='ocrx_word' id='word_1_669' title='bbox 2271 4379 2420 4436; x_wconf 87' lang='lat' dir='ltr'><strong>Ibid.</strong></span> <span class='ocrx_word' id='word_1_670' title='bbox 2479 4388 2551 4443; x_wconf 96' lang='grc'><strong>2,</strong></span> <span class='ocrx_word' id='word_1_671' title='bbox 2596 4387 2663 4440; x_wconf 88' lang='grc'><strong>2,</strong></span> <span class='ocrx_word' id='word_1_672' title='bbox 2713 4388 2763 4434; x_wconf 87' lang='grc'><strong>1.</strong></span> <span class='ocrx_word' id='word_1_673' title='bbox 2809 4408 2883 4420; x_wconf 86' lang='lat'><strong>—-</strong></span> <span class='ocrx_word' id='word_1_674' title='bbox 2922 4379 3112 4433; x_wconf 81' lang='lat' dir='ltr'><strong>Totus</strong></span> <span class='ocrx_word' id='word_1_675' title='bbox 3177 4377 3239 4430; x_wconf 88' lang='lat' dir='ltr'><strong>in</strong></span> <span class='ocrx_word' id='word_1_676' title='bbox 3303 4374 3579 4448; x_wconf 82' lang='lat' dir='ltr'><strong>Pompeii</strong></span> 
     </span>
    </p>
   </div>
   <div class='ocr_carea' id='block_1_18' title="bbox 2237 4449 3578 4529">
    <p class='ocr_par' dir='ltr' id='par_1_18' title="bbox 2237 4449 3578 4529">
     <span class='ocr_line' id='line_1_112' title="bbox 2237 4449 3578 4529; baseline -0.001 -19"><span class='ocrx_word' id='word_1_677' title='bbox 2237 4464 2584 4529; x_wconf 59' lang='lat' dir='ltr'><strong>potestate.</strong></span> <span class='ocrx_word' id='word_1_678' title='bbox 2630 4452 2703 4507; x_wconf 87' lang='lat' dir='ltr'><strong>ad</strong></span> <span class='ocrx_word' id='word_1_679' title='bbox 2737 4455 2863 4508; x_wconf 81' lang='lat' dir='ltr'><strong>Au.</strong></span> <span class='ocrx_word' id='word_1_680' title='bbox 2910 4461 2973 4517; x_wconf 84' lang='lat'><strong>3,</strong></span> <span class='ocrx_word' id='word_1_681' title='bbox 3018 4459 3121 4516; x_wconf 85' lang='grc'><strong>22,</strong></span> <span class='ocrx_word' id='word_1_682' title='bbox 3168 4457 3222 4506; x_wconf 89' lang='grc'><strong>2.</strong></span> <span class='ocrx_word' id='word_1_683' title='bbox 3279 4449 3432 4507; x_wconf 85' lang='lat' dir='ltr'><strong>Ibid.</strong></span> <span class='ocrx_word' id='word_1_684' title='bbox 3476 4453 3578 4516; x_wconf 78' lang='lat'><strong>23.</strong></span> 
     </span>
    </p>
   </div>
   <div class='ocr_carea' id='block_1_19' title="bbox 2272 4526 3582 5046">
    <p class='ocr_par' dir='ltr' id='par_1_19' title="bbox 2272 4526 3582 5046">
     <span class='ocr_line' id='line_1_113' title="bbox 2275 4526 3572 4594; baseline -0.007 -5"><span class='ocrx_word' id='word_1_685' title='bbox 2275 4542 2322 4589; x_wconf 82' lang='lat'><strong>1.</strong></span> <span class='ocrx_word' id='word_1_686' title='bbox 2376 4527 2527 4585; x_wconf 78' lang='lat' dir='ltr'><strong>Ibid.</strong></span> <span class='ocrx_word' id='word_1_687' title='bbox 2591 4531 2694 4594; x_wconf 71' lang='lat'><strong>24,</strong></span> <span class='ocrx_word' id='word_1_688' title='bbox 2745 4537 2799 4585; x_wconf 89' lang='grc'><strong>2.</strong></span> <span class='ocrx_word' id='word_1_689' title='bbox 2853 4559 2924 4569; x_wconf 94' lang='grc'>-</span> <span class='ocrx_word' id='word_1_690' title='bbox 2978 4530 3045 4584; x_wconf 85' lang='lat' dir='ltr'><strong>P.</strong></span> <span class='ocrx_word' id='word_1_691' title='bbox 3100 4526 3390 4583; x_wconf 87' lang='lat' dir='ltr'><strong>Lentulus</strong></span> <span class='ocrx_word' id='word_1_692' title='bbox 3443 4542 3572 4582; x_wconf 81' lang='lat' dir='ltr'><strong>cos.</strong></span> 
     </span>
     <span class='ocr_line' id='line_1_114' title="bbox 2274 4601 3577 4679; baseline -0.002 -18"><span class='ocrx_word' id='word_1_693' title='bbox 2274 4608 2613 4679; x_wconf 75' lang='lat' dir='ltr'><strong>designatus</strong></span> <span class='ocrx_word' id='word_1_694' title='bbox 2681 4624 2734 4658; x_wconf 85' lang='lat' dir='ltr'><strong>a.</strong></span> <span class='ocrx_word' id='word_1_695' title='bbox 2800 4624 2856 4659; x_wconf 91' lang='lat' dir='ltr'><strong>u.</strong></span> <span class='ocrx_word' id='word_1_696' title='bbox 2918 4623 2969 4659; x_wconf 93' lang='lat' dir='ltr'><strong>c.</strong></span> <span class='ocrx_word' id='word_1_697' title='bbox 3034 4605 3167 4661; x_wconf 87' lang='grc'><strong>696.</strong></span> <span class='ocrx_word' id='word_1_698' title='bbox 3254 4601 3577 4660; x_wconf 67' lang='lat' dir='ltr'><strong>Ciceroni!</strong></span> 
     </span>
     <span class='ocr_line' id='line_1_115' title="bbox 2272 4672 3582 4745; baseline -0.005 -8"><span class='ocrx_word' id='word_1_699' title='bbox 2272 4681 2590 4737; x_wconf 84' lang='lat' dir='ltr'><strong>studiosus.</strong></span> <span class='ocrx_word' id='word_1_700' title='bbox 2634 4680 2706 4734; x_wconf 85' lang='lat' dir='ltr'><strong>ad</strong></span> <span class='ocrx_word' id='word_1_701' title='bbox 2749 4680 2913 4734; x_wconf 82' lang='lat' dir='ltr'><strong>Fam.</strong></span> <span class='ocrx_word' id='word_1_702' title='bbox 2965 4682 3065 4745; x_wconf 85' lang='grc'><strong>1’1,</strong></span> <span class='ocrx_word' id='word_1_703' title='bbox 3100 4687 3166 4742; x_wconf 84' lang='grc'><strong>1,</strong></span> <span class='ocrx_word' id='word_1_704' title='bbox 3198 4684 3255 4733; x_wconf 89' lang='grc'><strong>2.</strong></span> <span class='ocrx_word' id='word_1_705' title='bbox 3300 4704 3369 4720; x_wconf 92' lang='grc'>-</span> <span class='ocrx_word' id='word_1_706' title='bbox 3409 4672 3582 4732; x_wconf 65' lang='lat' dir='ltr'><strong>Con-⁸</strong></span> 
     </span>
     <span class='ocr_line' id='line_1_116' title="bbox 2272 4749 3578 4829; baseline -0.007 -16"><span class='ocrx_word' id='word_1_707' title='bbox 2272 4757 2365 4813; x_wconf 91' lang='lat' dir='ltr'><strong>sul</strong></span> <span class='ocrx_word' id='word_1_708' title='bbox 2406 4769 2464 4812; x_wconf 90' lang='lat' dir='ltr'><strong>et</strong></span> <span class='ocrx_word' id='word_1_709' title='bbox 2501 4758 2770 4829; x_wconf 75' lang='lat' dir='ltr'><strong>pontifex</strong></span> <span class='ocrx_word' id='word_1_710' title='bbox 2810 4756 2901 4829; x_wconf 88' lang='lat' dir='ltr'><strong>(a.</strong></span> <span class='ocrx_word' id='word_1_711' title='bbox 2949 4775 3002 4810; x_wconf 92' lang='lat' dir='ltr'><strong>u.</strong></span> <span class='ocrx_word' id='word_1_712' title='bbox 3044 4773 3092 4808; x_wconf 93' lang='lat' dir='ltr'><strong>c.</strong></span> <span class='ocrx_word' id='word_1_713' title='bbox 3134 4757 3302 4820; x_wconf 81' lang='lat'><strong>697.)</strong></span> <span class='ocrx_word' id='word_1_714' title='bbox 3343 4752 3413 4808; x_wconf 90' lang='lat' dir='ltr'><strong>de</strong></span> <span class='ocrx_word' id='word_1_715' title='bbox 3450 4749 3578 4806; x_wconf 78' lang='lat' dir='ltr'><strong>Ha-</strong></span> 
     </span>
     <span class='ocr_line' id='line_1_117' title="bbox 2273 4828 3574 4906; baseline -0.008 -17"><span class='ocrx_word' id='word_1_716' title='bbox 2273 4852 2438 4906; x_wconf 87' lang='lat' dir='ltr'><strong>rusp.</strong></span> <span class='ocrx_word' id='word_1_717' title='bbox 2487 4851 2643 4905; x_wconf 82' lang='lat' dir='ltr'><strong>resp.</strong></span> <span class='ocrx_word' id='word_1_718' title='bbox 2692 4838 2757 4894; x_wconf 90' lang='grc'><strong>6,</strong></span> <span class='ocrx_word' id='word_1_719' title='bbox 2805 4840 2893 4887; x_wconf 81' lang='grc'><strong>12.</strong></span> <span class='ocrx_word' id='word_1_720' title='bbox 2939 4861 3009 4873; x_wconf 93' lang='grc'>-</span> <span class='ocrx_word' id='word_1_721' title='bbox 3040 4828 3281 4903; x_wconf 88' lang='lat' dir='ltr'><strong>Optime</strong></span> <span class='ocrx_word' id='word_1_722' title='bbox 3324 4828 3574 4882; x_wconf 85' lang='lat' dir='ltr'><strong>meritus</strong></span> 
     </span>
     <span class='ocr_line' id='line_1_118' title="bbox 2273 4903 3571 4978; baseline -0.005 -15"><span class='ocrx_word' id='word_1_723' title='bbox 2273 4911 2342 4966; x_wconf 89' lang='lat' dir='ltr'><strong>‹le</strong></span> <span class='ocrx_word' id='word_1_724' title='bbox 2373 4906 2713 4965; x_wconf 87' lang='lat' dir='ltr'><strong>revocando</strong></span> <span class='ocrx_word' id='word_1_725' title='bbox 2743 4907 3057 4963; x_wconf 87' lang='lat' dir='ltr'><strong>Cicerone.</strong></span> <span class='ocrx_word' id='word_1_726' title='bbox 3104 4923 3214 4978; x_wconf 89' lang='lat' dir='ltr'><strong>pro</strong></span> <span class='ocrx_word' id='word_1_727' title='bbox 3245 4903 3446 4959; x_wconf 88' lang='lat' dir='ltr'><strong>Sestio</strong></span> <span class='ocrx_word' id='word_1_728' title='bbox 3476 4905 3571 4965; x_wconf 79' lang='lat'><strong>32,</strong></span> 
     </span>
     <span class='ocr_line' id='line_1_119' title="bbox 2274 4978 3576 5046; baseline -0.005 -8"><span class='ocrx_word' id='word_1_729' title='bbox 2274 4995 2361 5044; x_wconf 88' lang='lat'><strong>70.</strong></span> <span class='ocrx_word' id='word_1_730' title='bbox 2441 4983 2591 5040; x_wconf 86' lang='lat' dir='ltr'><strong>lbid.</strong></span> <span class='ocrx_word' id='word_1_731' title='bbox 2644 4987 2747 5046; x_wconf 76' lang='lat'><strong>33,</strong></span> <span class='ocrx_word' id='word_1_732' title='bbox 2801 4989 2889 5039; x_wconf 89' lang='grc'><strong>72.</strong></span> <span class='ocrx_word' id='word_1_733' title='bbox 2936 5010 2996 5020; x_wconf 91' lang='lat'><em>-</em></span> <span class='ocrx_word' id='word_1_734' title='bbox 3043 4981 3107 5036; x_wconf 93' lang='lat' dir='ltr'><strong>P.</strong></span> <span class='ocrx_word' id='word_1_735' title='bbox 3141 4978 3430 5035; x_wconf 86' lang='lat' dir='ltr'><strong>Lentulus</strong></span> <span class='ocrx_word' id='word_1_736' title='bbox 3460 4978 3576 5033; x_wconf 75' lang='lat' dir='ltr'><strong>ire-</strong></span> 
     </span>
    </p>
   </div>
   <div class='ocr_carea' id='block_1_20' title="bbox 2269 5055 3576 5283">
    <p class='ocr_par' dir='ltr' id='par_1_20' title="bbox 2269 5055 3576 5283">
     <span class='ocr_line' id='line_1_120' title="bbox 2272 5055 3575 5136; baseline -0.006 -22"><span class='ocrx_word' id='word_1_737' title='bbox 2272 5063 2659 5136; x_wconf 78' lang='lat' dir='ltr'><strong>quentissimo</strong></span> <span class='ocrx_word' id='word_1_738' title='bbox 2726 5070 2938 5113; x_wconf 85' lang='lat' dir='ltr'><strong>senatu</strong></span> <span class='ocrx_word' id='word_1_739' title='bbox 2985 5057 3211 5112; x_wconf 65' lang='lat' dir='ltr'><strong>rettulit</strong></span> <span class='ocrx_word' id='word_1_740' title='bbox 3266 5055 3338 5111; x_wconf 87' lang='lat' dir='ltr'><strong>de</strong></span> <span class='ocrx_word' id='word_1_741' title='bbox 3395 5069 3575 5109; x_wconf 84' lang='lat' dir='ltr'><strong>revo-</strong></span> 
     </span>
     <span class='ocr_line' id='line_1_121' title="bbox 2271 5133 3567 5198; baseline -0.006 -7"><span class='ocrx_word' id='word_1_742' title='bbox 2271 5137 2464 5192; x_wconf 87' lang='lat' dir='ltr'><strong>cando</strong></span> <span class='ocrx_word' id='word_1_743' title='bbox 2513 5136 2824 5191; x_wconf 87' lang='lat' dir='ltr'><strong>Cicerone.</strong></span> <span class='ocrx_word' id='word_1_744' title='bbox 2870 5136 2933 5188; x_wconf 88' lang='lat' dir='ltr'><strong>in</strong></span> <span class='ocrx_word' id='word_1_745' title='bbox 2973 5133 3177 5188; x_wconf 89' lang='lat' dir='ltr'><strong>Pisou.</strong></span> <span class='ocrx_word' id='word_1_746' title='bbox 3226 5135 3318 5198; x_wconf 88' lang='grc'><strong>15,</strong></span> <span class='ocrx_word' id='word_1_747' title='bbox 3368 5134 3461 5188; x_wconf 64' lang='lat'><strong>33.</strong></span> <span class='ocrx_word' id='word_1_748' title='bbox 3508 5153 3567 5166; x_wconf 89' lang='lat'><em>-</em></span> 
     </span>
     <span class='ocr_line' id='line_1_122' title="bbox 2269 5206 3576 5283; baseline -0.008 -15"><span class='ocrx_word' id='word_1_749' title='bbox 2269 5210 2494 5269; x_wconf 86' lang='lat' dir='ltr'><strong>Habuit</strong></span> <span class='ocrx_word' id='word_1_750' title='bbox 2540 5211 2610 5267; x_wconf 88' lang='lat' dir='ltr'><strong>de</strong></span> <span class='ocrx_word' id='word_1_751' title='bbox 2658 5227 2750 5266; x_wconf 86' lang='lat' dir='ltr'><strong>me</strong></span> <span class='ocrx_word' id='word_1_752' title='bbox 2798 5210 3162 5266; x_wconf 88' lang='lat' dir='ltr'><strong>contionem.</strong></span> <span class='ocrx_word' id='word_1_753' title='bbox 3243 5206 3386 5283; x_wconf 81' lang='lat' dir='ltr'><strong>Egit</strong></span> <span class='ocrx_word' id='word_1_754' title='bbox 3432 5220 3576 5259; x_wconf 79' lang='lat' dir='ltr'><strong>cau·</strong></span> 
     </span>
    </p>
   </div>
  </div>
 </body>
</html>
