4367 6084
466 673 529 739 sin
580 668 583 672 “
666 760 669 767 ἵ
912 673 1353 742 c.1umuscaesnn.

462 818 601 875 ducturus
616 818 762 882 nonfuit,
785 834 819 873 ea
834 814 925 881 siunt,
947 828 979 874 ut
993 817 1028 874 de
1043 815 1115 875 Sex.
1149 848 1179 858 —
1211 817 1384 904 Sequuntur
1408 799 1558 950 Excerpta
1584 836 1621 873 ex
1644 816 1797 881 Salustio,

389 941 397 947 .
468 892 573 951 Clodio
594 894 789 950 restituendo.
817 892 862 948 ΙΙ).
886 893 940 966 Ep.
965 895 1009 957 td,
1032 902 1059 950 2.
1083 923 1114 935 -
1147 894 1286 949 Caesaris
1306 905 1336 949 et
1356 893 1482 949 aliorum
1527 897 1742 952 ommentariis.
1764 919 1800 934 -

467 967 580 1026 Caesar
610 972 711 1025 nescio
741 987 800 1043 qun
829 979 917 1042 pacto
937 968 1051 1025 ferebat
1071 986 1117 1023 nte
1148 969 1185 1039 Q.
1206 968 1330 1026 Catulus
1351 979 1380 1024 et
1400 968 1434 1026 C.
1455 968 1526 1024 Piso
1546 987 1641 1044 neque
1659 968 1800 1043 precibus

466 1043 585 1120 quidem
607 1042 800 1100 mirabiliter:
822 1063 919 1108 nunc,
941 1062 1117 1120 quacunque
1148 1062 1243 1119 neque
1264 1046 1359 1116 gratia
1385 1062 1481 1119 neque
1505 1047 1602 1116 pretio
1622 1044 1802 1103 Ciceronem

467 1138 524 1177 nos
553 1121 784 1184 commovimus,
819 1119 856 1174 ad
887 1121 1026 1176 Caesaris
1042 1117 1117 1175 'non
1148 1119 1300 1193 impellere
1324 1131 1459 1194 potuere,
1484 1122 1527 1175 uti
1545 1137 1600 1194 per
1620 1118 1801 1194 Allobroges

415 1202 421 1228 ‘
467 1192 556 1251 modo
577 1199 658 1260 acta,
690 1197 899 1252 verumetiam
920 1199 1118 1273 cogitatare-
1149 1193 1181 1249 C.
1214 1194 1324 1251 Caesar
1354 1195 1439 1252 salso·
1458 1198 1675 1252 nominaretur.
1724 1195 1801 1252 Nam

467 1287 623 1326 vocamur.
657 1267 700 1325 lb.
724 1268 780 1344 Ep.
801 1279 852 1335 17,
874 1277 903 1331 6.
929 1300 960 1312 ·-
983 1269 1050 1342 Quo
1071 1270 1118 1326 die
1149 1281 1273 1345 uterque
1289 1289 1357 1326 cum
1370 1270 1423 1326 illo
1439 1288 1547 1344 graves
1560 1272 1732 1348 inimicitias
1747 1289 1800 1327 ex-

466 1345 567 1402 audivi
600 1345 682 1401 illum
713 1356 877 1418 tyrannum
911 1347 941 1402 in
978 1346 1118 1404 contione
1148 1345 1301 1403 errabant.
1329 1345 1387 1402 Res
1407 1358 1506 1403 autem
1526 1358 1696 1421 opportuna
1716 1347 1801 1402 ride·

466 1419 668 1477 clarissimum
689 1422 786 1477 virum
799 1421 961 1496 appellari,
985 1419 1119 1478 diffidere
1149 1420 1254 1487 batur,
1279 1422 1358 1498 quod
1379 1424 1403 1478 is
1423 1424 1564 1496 privatim
1584 1424 1704 1499 egregia
1723 1420 1801 1478 libe-

382 1527 384 1531 ·
467 1498 566 1570 coepi.
604 1495 648 1553 lb.
676 1494 743 1552 Lib.
765 1495 830 1563 ¹15,
853 1502 905 1562 20,
928 1505 955 1552 2.
977 1528 1015 1540 -
1035 1496 1120 1567 Quo·
1147 1496 1283 1564 relitate,
1313 1496 1433 1572 publice
1455 1499 1601 1554 maxumis
1625 1495 1800 1555 muneribus

467 1571 557 1629 ruodo
587 1590 619 1628 se
640 1573 767 1647 gesserit
787 1573 818 1629 in
837 1591 926 1628 cansa
947 1570 1117 1636 Buthrotia,
1149 1572 1291 1646 grandem
1305 1573 1609 1648 pecnniatudebebat.
1637 1573 1698 1630 sat.
1710 1573 1798 1633 Catil.

466 1646 507 1705 ab
527 1648 629 1704 Attico
649 1659 806 1721 suscepta,
827 1650 988 1723 exponitur
1008 1648 1044 1706 ad
1057 1648 1118 1703 Att.
1148 1651 1196 1706 tu.
1217 1673 1253 1689 -
1272 1647 1418 1705 Nonnulli
1437 1652 1550 1724 equites
1570 1648 1715 1716 Romani,
1740 1668 1800 1727 quo

466 1721 516 1791 16,
532 1727 577 1783 16.
596 1723 640 1778 ΙΙ).
653 1724 691 1779 A.
707 1732 736 1778 et
750 1742 832 1799 seqq.
847 1752 881 1766 ·-
895 1725 967 1781 Post
981 1723 1120 1780 Caesaris
1149 1723 1278 1779 studium
1297 1743 1383 1781 sumn
1399 1726 1428 1780 in
1450 1743 1513 1781 rem
1526 1723 1676 1798 publicam
1689 1726 1800 1782 clarius

468 1800 624 1856 interitum
651 1797 825 1855 consulibus
850 1809 881 1855 et
899 1800 962 1874 lege
984 1809 1012 1854 et
1032 1818 1120 1855 sena·
1149 1797 1238 1864 isset,
1259 1801 1424 1874 egredienti
1438 1818 1474 1855 ex
1488 1809 1595 1854 senatu
1606 1800 1729 1857 Caesari
1740 1802 1802 1877 gla-

347 1920 350 1925 .
468 1878 518 1931 tiis
549 1875 687 1931 consulto
720 1878 897 1949 permissum
929 1886 992 1940 est,
1023 1884 1056 1930 nt
1083 1875 1119 1930 de
1150 1874 1198 1931 dio
1218 1873 1442 1933 minitabantur.
1469 1873 1545 1931 lbid.
1564 1876 1685 1933 —Eius
1704 1877 1802 1932 oratio
1840 1904 1856 1941 η

469 1952 532 2008 eius
565 1951 639 2005 actis
671 1960 906 2017 cognoscerent,
942 1959 1117 2014 statuerent,
1142 1952 1310 2007 insanam.
1339 1949 1442 2009 lb.5t.
1465 1981 1498 1992 -
1520 1949 1643 2007 Catonis
1657 1952 1693 2007 de
1708 1970 1742 2008 ea
1756 1953 1802 2008 iu-

467 2025 648 2083 iudicarent.
677 2024 720 2080 ΙΙ).
742 2024 798 2100 Ep.
816 2030 861 2086 16.
883 2025 932 2093 B..
954 2035 981 2086 8.
1004 2056 1038 2069 -
1059 2027 1117 2082 Ac·
1150 2025 1269 2082 dicium.
1299 2025 1343 2082 ΙΙ).
1361 2032 1404 2083 52.
1424 2056 1461 2069 -
1482 2025 1593 2083 Caesar
1611 2038 1641 2083 et
1657 2026 1732 2083 Cato
1752 2030 1801 2083 in-

467 2102 560 2158 cessit
576 2100 613 2157 ad
634 2112 754 2157 senatus
773 2103 941 2158 consultum
955 2101 1020 2167 lex,
1044 2118 1120 2176 «qnae
1150 2112 1195 2156 ter
1214 2120 1245 2156 se
1264 2111 1489 2176 comparantur.
1518 2100 1563 2157 ΙΙ).
1579 2107 1626 2162 55.
1650 2133 1681 2144 -
1705 2101 1801 2161 c.1u-

467 2176 527 2233 lata
555 2185 600 2231 est
627 2195 654 2230 a.
684 2175 713 2232 d.
740 2176 791 2234 IV.
832 2177 909 2248 Non.
936 2178 1015 2244 Ιιιι).,
1044 2194 1119 2253 quae
1149 2177 1205 2232 lius
1227 2177 1339 2233 Caesar
1358 2196 1385 2232 a.
1404 2196 1434 2233 u.
1452 2195 1479 2232 c.
1498 2181 1562 2235 696.
1586 2176 1623 2233 ab
1644 2175 1727 2236 Urbe
1747 2177 1801 2233 ad-

467 2251 519 2309 lex
549 2270 653 2308 earum
683 2271 800 2318 rerum,
829 2272 903 2329 quas
926 2252 1038 2309 Caesar
1062 2262 1120 2307 sta·
1151 2270 1254 2308 versos
1272 2252 1426 2308 Helvetios
1446 2249 1659 2326 proficiscitur.
1690 2253 1811 2324 Caesar⁸

467 2329 591 2415 quisset,
614 2327 814 2393 decrevisset,
837 2331 964 2402 egisset,
987 2327 1119 2385 consuli·
1150 2327 1226 2384 Gall.
1249 2337 1282 2394 1,
1306 2337 1332 2389 7.
1354 2357 1392 2370 -
1417 2325 1534 2383 Brllum
1553 2347 1621 2384 cum
1641 2329 1678 2395 iis
1699 2330 1801 2385 conle-

468 2401 524 2460 bus
556 2405 758 2478 cognitionem
787 2404 876 2460 dedit.
916 2401 961 2460 lb.
990 2404 1046 2479 Ep.
1072 2410 1117 2461 16.
1149 2415 1239 2460 ctum.
1278 2401 1322 2459 ΙΙ).
1344 2407 1391 2460 29.
1413 2433 1450 2447 -
1476 2401 1591 2460 Rellmn
1615 2423 1683 2461 curn
1709 2405 1801 2460 Ario-

470 2476 518 2544 C.,
547 2489 593 2536 11.
618 2508 648 2518 -
672 2480 747 2535 Acta
773 2479 911 2536 Caesaris
943 2499 1004 2535 non
1030 2480 1119 2536 modo
1149 2481 1237 2544 ristt),
1258 2497 1327 2553 rege
1342 2479 1573 2551 Germanorum,
1594 2488 1722 2556 gestunb
1755 2479 1799 2537 ΙΙ).

469 2555 502 2619 ii,
524 2572 652 2630 qnorum
675 2556 811 2619 interest,
832 2556 884 2611 sed
908 2557 996 2612 etiam
1017 2557 1047 2621 ii,
1069 2558 1119 2630 qui
1149 2560 1196 2614 51.
1209 2573 1291 2630 seqq.
1311 2573 1404 2629 nsque
1421 2553 1460 2610 ad
1475 2551 1577 2612 finem.
1598 2586 1632 2599 -
1655 2556 1802 2620 Coniura-

469 2628 519 2686 illn
537 2649 596 2686 uon
615 2628 760 2703 probant,
780 2632 832 2686 otii
842 2650 931 2687 eausa
943 2628 1120 2688 confirmari
1149 2633 1191 2687 tio
1205 2630 1363 2703 belgarum
1377 2643 1407 2686 et
1422 2627 1543 2687 bellum.
1571 2629 1617 2687 ΙΙ).
1632 2640 1661 2699 2,
1677 2639 1701 2688 1.
1714 2650 1798 2708 seqq.

468 2704 584 2762 volunt.
601 2703 690 2762 'Ibid.
713 2717 737 2767 1.
757 2713 803 2763 12.
828 2735 859 2747 -
882 2706 993 2763 Caesar
1014 2719 1120 2780 tyran·
1152 2736 1185 2749 -
1205 2705 1318 2762 Brllum
1335 2706 1524 2780 Alpinorum.
1553 2705 1598 2763 lb.
1615 2711 1743 2773 5,1-6.
1765 2736 1800 2749 -

468 2798 544 2856 uus,
579 2799 665 2857 quem
697 2783 789 2837 armis
821 2801 965 2856 oppressa
996 2782 1120 2857 pertulit
1150 2780 1263 2837 Bellum
1280 2781 1469 2837 Veneticum.
1497 2780 1541 2838 ΙΙ).
1560 2787 1662 2842 7-16.
1683 2811 1719 2825 -
1738 2780 1799 2837 Ex-

469 2856 575 2912 ciritas
597 2866 739 2933 paretque
759 2875 824 2913 cnm
846 2861 972 2913 maxime
988 2868 1117 2914 mortno.
1150 2857 1261 2988 peditio
1275 2858 1304 2912 in
1317 2856 1453 2913 Morinos
1467 2868 1496 2911 et
1507 2856 1675 2931 Menapios.
1703 2863 1749 2917 28.
1766 2889 1796 2899 -

466 2930 506 2989 de
527 2929 587 2989 Off.
609 2939 637 2999 2,
660 2941 687 2997 7,
710 2938 756 2992 25.
778 2963 815 2976 -
835 2933 909 2989 Post
928 2936 990 2989 eins
1014 2936 1121 2990 interi·
1176 2933 1263 2989 ellum
1291 2932 1446 3007 Usipetum
1474 2943 1503 2988 et
1528 2933 1798 2990 Tenebtberorum.

468 3017 531 3064 tum
558 3026 661 3064 onrnes
685 3027 831 3064 novarum
861 3007 1118 3084 perturbationum
1149 3007 1215 3064 Lib.
1232 3012 1262 3075 lt,
1282 3018 1364 3066 1-‘t-
1388 3037 1418 3048 -
1442 3011 1478 3064 A.
1496 3027 1525 3064 n.
1545 3026 1570 3064 c.
1590 3013 1657 3069 699.
1685 3006 1800 3064 Bellum

467 3101 576 3140 causae
610 3086 714 3161 quaeri
746 3082 936 3139 ridebantur.
976 3084 1011 3141 dc
1045 3085 1120 3139 Fato
1149 3084 1444 3141 contraGermanos.
1467 3082 1802 3142 lb.7-tS.-'1'rans·

376 3207 379 3211 .
467 3169 497 3226 1,
520 3167 547 3216 2.
573 3187 603 3199 -
626 3159 738 3214 Caesar
752 3162 954 3232 reprehensus
974 3179 989 3213 a
1009 3160 1045 3231 Q.
1060 3160 1119 3215 Cu·
1150 3163 1208 3215 itus
1223 3160 1361 3216 Caesaris
1376 3162 1406 3215 in
1421 3160 1624 3225 Germaniam.
1646 3158 1690 3216 lb·
1706 3164 1750 3218 16.
1769 3189 1798 3198 -

467 3237 553 3291 rione
571 3237 600 3290 in
620 3233 715 3299 libro,
740 3253 825 3309 quem
847 3237 894 3290 hic
915 3236 950 3290 de
971 3235 1048 3291 illins
1069 3254 1120 3290 re·
1149 3236 1307 3291 Traiectus
1335 3237 1366 3290 in
1389 3233 1587 3291 Britanniam.
1628 3233 1673 3291 ΙΙ).
1698 3242 1744 3292 20.
1767 3263 1802 3278 -

466 3308 523 3366 bus
547 3311 637 3380 gestis
659 3311 791 3381 scripsit.
821 3308 905 3366 Brut.
929 3318 981 3377 60,
1002 3319 1067 3370 218.
1086 3341 1117 3350 ·-
1150 3310 1307 3384 Expeditio
1323 3311 1453 3368 secunda
1473 3313 1504 3366 in
1520 3309 1707 3367 Britanniam
1728 3330 1754 3366 a.
1771 3328 1799 3365 n.

466 3384 679 3459 Amplissimae
705 3384 808 3440 laudes
832 3388 894 3441 eius
918 3386 1116 3461 eloquentiae.
1149 3405 1175 3442 c.
1197 3395 1260 3444 700.
1289 3386 1356 3442 Lib.
1372 3391 1400 3450 5,
1420 3390 1519 3445 1-25.
1543 3415 1573 3425 -
1597 3385 1711 3442 Bellum
1726 3387 1802 3442 Ain-

466 3459 553 3518 Brnt.
576 3467 628 3525 72,
651 3465 716 3519 251.
742 3491 769 3502 -
795 3460 894 3517 Locus
912 3479 949 3516 ex
964 3465 1026 3517 eius
1041 3461 1119 3517 libro
1149 3461 1285 3536 liiorigis.
1314 3459 1357 3517 lb.
1378 3466 1424 3518 20.
1445 3480 1526 3536 seqq.
1546 3491 1585 3504 -
1604 3460 1705 3518 Motus
1722 3462 1802 3518 Tre-

466 3535 1117 3688 t1³2¹¹.⁰..lt.¹'.⁰}lezltl'ttltttillet·
1149 3540 1479 3669 00811112οξῑο
1506 3535 1626 3672 ¹lin⁵⁵i
1644 3568 1681 3671 ἶ
1702 3537 1801 3673 qn..

466 3689 539 3743 tiam
562 3657 724 3761 prrl'edicat.
755 3685 831 3742 Ibid.
855 3699 879 3749 e.
902 3691 968 3746 255.
994 3719 1023 3728 -
1047 3688 1119 3744 Eius
1148 3690 1308 3762 Expeditio
1329 3691 1361 3744 in
1387 3686 1513 3745 Suevos.
1533 3694 1636 3750 9-28.
1662 3718 1693 3730 -
1716 3690 1806 3745 Punit

467 3762 578 3820 locutio
598 3763 752 3818 emendata
776 3772 804 3817 et
825 3761 942 3820 Latina.
971 3762 1047 3820 Ibid.
1072 3767 1117 3829 79,
1148 3763 1353 3833 Arrrlriorigem
1372 3776 1402 3820 et
1423 3763 1591 3820 Eburones.
1620 3765 1744 3823 29-tt.
1770 3795 1800 3805 -

467 3842 533 3898 258.
556 3843 602 3901 75,
619 3841 682 3894 261.
703 3869 732 3880 -
751 3836 912 3894 Orationes
933 3840 1014 3904 eius;
1036 3858 1118 3895 coni·
1148 3839 1261 3897 Bellum
1273 3840 1538 3913 Vercingetorigis.
1560 3837 1627 3896 Lib.
1641 3847 1801 3905 7,1.ss.-

466 3913 605 3971 menterii
631 3913 717 3970 valde
743 3911 906 3987 probandi;
940 3917 1012 3971 nudi
1040 3919 1118 3971 eninr
1148 3918 1311 3972 Araricum
1335 3914 1409 3989 Cap.
1431 3919 1551 3974 29-51-
1579 3946 1609 3957 -
1632 3916 1800 3990 Gergovia;

467 4000 553 4053 sunt.
585 3992 660 4044 recti
686 3998 715 4044 et
737 3991 873 4054 venusti,
902 3994 982 4046 omni
1010 4003 1118 4046 ornatu
1149 3992 1258 4047 Alesia.
1299 3991 1392 4064 Capp.
1419 4009 1502 4068 seqq.
1533 4021 1564 4032 -
1597 3990 1740 4066 Scriptor
1767 3991 1801 4047 de

467 4066 682 4123 orationistain
707 4064 1022 4122 nutrirestedetracto.
1043 4065 1117 4122 Ibid.
1147 4065 1226 4123 bello
1247 4067 1363 4123 Gallico
1383 4063 1451 4121 libri
1473 4069 1571 4122 octavi
1592 4086 1724 4124 summas
1739 4068 1803 4124 lau-

467 4146 521 4208 75,
542 4148 608 4199 262.
629 4169 660 4179 -
683 4084 794 4197 Caesar
816 4139 954 4196 omnibus
981 4148 1118 4199 arciorem»
1147 4142 1198 4198 des
1225 4142 1331 4198 tribuit
1357 4141 1495 4198 Caesaris
1522 4144 1749 4198 coinuientariis
1771 4145 1801 4197 in

467 4221 632 4286 (statuum)
667 4215 828 4291 generibus
861 4235 929 4272 usus
960 4229 1003 4273 est
1028 4219 1117 4273 nimis
1147 4218 1444 4274 Praefert-Annus
1459 4216 1539 4273 Vlll.
1556 4218 1797 4291 proconsulatus.

466 4292 656 4368 impudenter
689 4302 794 4348 contra
834 4292 978 4348 Catonem
1022 4312 1117 4349 memn
1147 4293 1213 4349 Lib.
1239 4298 1266 4359 8,
1292 4298 1391 4352 1-98.
1417 4322 1446 4331 -
1469 4294 1577 4348 Annus
1599 4292 1653 4349 tx.
1681 4311 1797 4368 procos.

466 4370 509 4434 (in
523 4366 754 4424 Anticatonibus
775 4366 914 4433 duobus).
937 4370 1043 4442 Topic.
1067 4374 1114 4434 25,
1145 4368 1189 4425 ΙΙ).
1200 4373 1319 4428 tet-53.
1335 4398 1363 4406 -
1379 4368 1490 4424 Caesar
1505 4370 1630 4425 initalia
1643 4366 1797 4444 magnifice

465 4448 514 4504 9t.
535 4469 570 4485 ·-
591 4442 702 4500 Caesar
734 4445 858 4517 scripsit
888 4451 1024 4514 optimus,
1056 4463 1116 4499 nnn
1146 4456 1299 4519 exceptus.
1321 4440 1796 4518 Ib.51.-LegionesaCaesare

466 4530 595 4592 optumus
615 4528 695 4578 cett..
714 4519 812 4599 Vqrro
833 4520 883 4575 Fr.
907 4539 936 4595 p.
957 4525 1022 4580 5'15.
1051 4520 1118 4595 Bip.
1147 4540 1200 4595 per
1227 4539 1347 4575 causam
1378 4519 1447 4575 belli
1480 4519 1614 4577 Parthici
1643 4520 1794 4583 deductae,

465 4595 579 4668 -(Qui
591 4596 732 4669 epistolas
743 4593 903 4668 scribunt),
918 4595 1016 4652 solent
1029 4600 1117 4652 etiarn
1146 4598 1288 4670 Pompeio
1308 4596 1446 4661 traditae,
1470 4599 1608 4670 proxima
1624 4612 1710 4651 eausa
1727 4593 1797 4650 belli

466 4682 553 4728 notas
590 4674 669 4728 inter
706 4690 737 4726 se
772 4673 953 4727 secretiores
992 4675 1116 4746 pacisci,
1147 4673 1253 4728 civilis.
1280 4670 1325 4726 lb.
1345 4677 1391 4729 st.
1413 4677 1459 4730 55.
1482 4700 1518 4713 -
1538 4672 1610 4728 Eius
1630 4673 1742 4728 inimici
1764 4670 1798 4724 L.

487 4748 544 4803 nod
568 4757 597 4803 et
614 4747 726 4805 Caesar
747 4756 776 4802 et
788 4747 942 4821 Augustus
962 4757 992 4805 et
1010 4749 1117 4805 Cicero
1147 4748 1290 4804 Lentulus
1305 4747 1383 4805 Crus
1404 4756 1433 4803 et
1447 4747 1479 4805 C.
1497 4747 1653 4804 llarcellns
1672 4765 1750 4802 coss.
1772 4767 1798 4801 a.

496 4833 612 4878 cerunt.
659 4824 750 4879 lulius
786 4822 893 4878 Victor
930 4843 959 4898 p.
988 4828 1052 4883 266.
1081 4854 1117 4867 -
1148 4843 1219 4880 u.c.
1240 4828 1305 4882 705.
1335 4823 1411 4879 Ibid.
1436 4852 1466 4862 —
1489 4825 1529 4879 A.
1545 4844 1573 4879 u.
1591 4843 1619 4880 c.
1635 4828 1700 4882 705.
1722 4822 1798 4880 Cae-

465 4895 1117 4974 Fragmm.Epistularumadenm:Fragmm.
1146 4919 1197 4956 sar
1214 4899 1373 4956 Ravennae
1390 4915 1534 4974 responsa
1549 4900 1685 4974 Pompeii
1704 4911 1733 4955 et
1751 4919 1799 4955 se·

405 5021 410 5032 .
490 5012 498 5026 .
524 4978 588 5029 062.
629 4975 917 5048 Fragmm.p.466.
940 4974 1117 5032 -Caesari
1147 4987 1233 5032 natus
1253 4986 1417 5049 exspectat.
1446 4974 1559 5032 Caesar
1573 4975 1639 5033 Cir.
1664 4987 1690 5041 t,
1715 4981 1742 5032 5.
1766 5006 1800 5018 -

499 5048 579 5102 irrus
608 5067 661 5104 sex
688 5051 769 5106 milia
798 5068 990 5106 murenarum
1017 5062 1116 5105 mutua
1148 5052 1235 5127 Apud
1259 5053 1368 5108 milites
1391 5054 1594 5108 contionatur.
1641 5049 1685 5107 lb.
1710 5061 1738 5110 7.
1764 5081 1801 5094 -

467 5121 558 5178 dedit.
594 5122 693 5181 Varro
717 5125 835 5191 Rite,
857 5134 910 5190 17,
933 5132 961 5182 2.
980 5134 1017 5166 ’-
1039 5125 1118 5182 Var-
1146 5129 1317 5184 Ariminum
1338 5125 1553 5203 proficiscitur.
1575 5158 1612 5174 ·-
1638 5127 1800 5202 Pompeius

467 5198 553 5256 roais
573 5196 610 5252 ad
630 5216 696 5255 enm
715 5202 854 5274 epistola.
894 5202 993 5270 Varro
1013 5201 1064 5258 Fr.
1085 5221 1115 5276 p.
1146 5204 1270 5260 adeum
1289 5207 1378 5261 mittit
1397 5202 1433 5260 L.
1452 5201 1623 5260 Caesarem.
1651 5203 1696 5259 ΙΙ).
1716 5208 1744 5261 8.
1764 5232 1801 5246 -

467 5279 534 5337 198.
562 5270 643 5348 Bip.¹
659 5273 758 5333 Varro
770 5276 893 5352 Fragm.
913 5296 945 5354 p.
958 5279 1025 5338 eta.
1046 5275 1115 5354 Bip.
1146 5277 1204 5337 Per
1218 5280 1297 5337 bunc
1316 5287 1346 5336 et
1364 5278 1398 5336 L.
1412 5277 1556 5337 Roscium
1574 5297 1644 5338 curu
1656 5277 1799 5356 Pompeio
