<?xml version="1.0" encoding="UTF-8"?>
<!DOCTYPE html PUBLIC "-//W3C//DTD XHTML 1.0 Transitional//EN"
    "http://www.w3.org/TR/xhtml1/DTD/xhtml1-transitional.dtd">
<html xmlns="http://www.w3.org/1999/xhtml" xml:lang="en" lang="en">
 <head>
  <title>
</title>
<meta http-equiv="Content-Type" content="text/html;charset=utf-8" />
  <meta name='ocr-system' content='tesseract 3.04.00' />
  <meta name='ocr-capabilities' content='ocr_page ocr_carea ocr_par ocr_line ocrx_word'/>
</head>
<body>
  <div class='ocr_page' id='page_1' title='image "./operaquaesupers01halmgoog/operaquaesupers01halmgoog_0563.png"; bbox 0 0 4367 6084; ppageno 0'>
   <div class='ocr_carea' id='block_1_1' title="bbox 1586 632 3512 709">
    <p class='ocr_par' dir='ltr' id='par_1_1' title="bbox 1586 632 3512 709">
     <span class='ocr_line' id='line_1_1' title="bbox 1586 632 3512 709; baseline 0.003 -7"><span class='ocrx_word' id='word_1_1' title='bbox 1586 635 1672 702; x_wconf 87' lang='lat' dir='ltr'>P.</span> <span class='ocrx_word' id='word_1_2' title='bbox 1721 634 2088 703; x_wconf 85' lang='lat' dir='ltr'>SITTIUS</span> <span class='ocrx_word' id='word_1_3' title='bbox 2131 668 2208 683; x_wconf 88' lang='lat'>--</span> <span class='ocrx_word' id='word_1_4' title='bbox 2261 632 2772 703; x_wconf 85' lang='lat' dir='ltr'>SOCRATES.</span> <span class='ocrx_word' id='word_1_5' title='bbox 3386 637 3512 709; x_wconf 78' lang='lat'>553</span> 
     </span>
    </p>
   </div>
   <div class='ocr_carea' id='block_1_2' title="bbox 792 774 3620 3492">
    <p class='ocr_par' dir='ltr' id='par_1_2' title="bbox 838 774 3513 1081">
     <span class='ocr_line' id='line_1_2' title="bbox 915 774 3512 840; baseline 0.002 -5"><span class='ocrx_word' id='word_1_6' title='bbox 915 777 985 835; x_wconf 87' lang='grc' dir='ltr'>Ρ.</span> <span class='ocrx_word' id='word_1_7' title='bbox 1031 776 1282 834; x_wconf 70' lang='lat' dir='ltr'>Sumus</span> <span class='ocrx_word' id='word_1_8' title='bbox 1321 774 1661 833; x_wconf 83' lang='lat' dir='ltr'>Nucerinus</span> <span class='ocrx_word' id='word_1_9' title='bbox 1701 795 1737 831; x_wconf 91' lang='lat' dir='ltr'>a</span> <span class='ocrx_word' id='word_1_10' title='bbox 1775 776 1844 834; x_wconf 93' lang='lat' dir='ltr'>P.</span> <span class='ocrx_word' id='word_1_11' title='bbox 1884 775 2051 834; x_wconf 87' lang='lat' dir='ltr'>Sulla</span> <span class='ocrx_word' id='word_1_12' title='bbox 2082 776 2146 833; x_wconf 89' lang='lat' dir='ltr'>in</span> <span class='ocrx_word' id='word_1_13' title='bbox 2207 794 2236 833; x_wconf 90' lang='lat' dir='ltr'>e</span> <span class='ocrx_word' id='word_1_14' title='bbox 2277 777 2444 835; x_wconf 88' lang='lat' dir='ltr'>caelo</span> <span class='ocrx_word' id='word_1_15' title='bbox 2485 786 2544 833; x_wconf 89' lang='lat' dir='ltr'>et</span> <span class='ocrx_word' id='word_1_16' title='bbox 2581 778 2646 834; x_wconf 90' lang='lat' dir='ltr'>in</span> <span class='ocrx_word' id='word_1_17' title='bbox 2682 774 2935 835; x_wconf 89' lang='lat' dir='ltr'>urbibus</span> <span class='ocrx_word' id='word_1_18' title='bbox 2976 777 3297 840; x_wconf 81' lang='lat' dir='ltr'>collocavit</span> <span class='ocrx_word' id='word_1_19' title='bbox 3347 791 3408 840; x_wconf 89' lang='lat' dir='ltr'>et</span> <span class='ocrx_word' id='word_1_20' title='bbox 3445 781 3512 839; x_wconf 87' lang='lat' dir='ltr'>in</span> 
     </span>
     <span class='ocr_line' id='line_1_3' title="bbox 838 850 3511 933; baseline 0.002 -23"><span class='ocrx_word' id='word_1_21' title='bbox 838 853 1186 910; x_wconf 77' lang='lat' dir='ltr'>ulteriorem</span> <span class='ocrx_word' id='word_1_22' title='bbox 1232 852 1584 927; x_wconf 79' lang='lat' dir='ltr'>Hispaniam</span> <span class='ocrx_word' id='word_1_23' title='bbox 1635 854 1853 908; x_wconf 88' lang='lat' dir='ltr'>missus</span> <span class='ocrx_word' id='word_1_24' title='bbox 1904 850 2142 909; x_wconf 90' lang='lat' dir='ltr'>diceba·</span> <span class='ocrx_word' id='word_1_25' title='bbox 2179 852 2415 909; x_wconf 84' lang='lat' dir='ltr'>&#39;domos</span> <span class='ocrx_word' id='word_1_26' title='bbox 2468 854 2647 909; x_wconf 89' lang='lat' dir='ltr'>etiam</span> <span class='ocrx_word' id='word_1_27' title='bbox 2699 853 3033 910; x_wconf 77' lang='lat' dir='ltr'>introduxit</span> <span class='ocrx_word' id='word_1_28' title='bbox 3082 866 3143 911; x_wconf 90' lang='lat' dir='ltr'>et</span> <span class='ocrx_word' id='word_1_29' title='bbox 3191 860 3393 933; x_wconf 58' lang='lat' dir='ltr'>coegit</span> <span class='ocrx_word' id='word_1_30' title='bbox 3438 857 3511 916; x_wconf 86' lang='lat' dir='ltr'>de</span> 
     </span>
     <span class='ocr_line' id='line_1_4' title="bbox 839 926 3513 1006; baseline 0.001 -21"><span class='ocrx_word' id='word_1_31' title='bbox 839 940 971 995; x_wconf 88' lang='lat' dir='ltr'>tur,</span> <span class='ocrx_word' id='word_1_32' title='bbox 1035 940 1100 984; x_wconf 90' lang='lat' dir='ltr'>ut</span> <span class='ocrx_word' id='word_1_33' title='bbox 1137 947 1268 984; x_wconf 90' lang='lat' dir='ltr'>eam</span> <span class='ocrx_word' id='word_1_34' title='bbox 1308 928 1686 1003; x_wconf 88' lang='lat' dir='ltr'>provinciam</span> <span class='ocrx_word' id='word_1_35' title='bbox 1724 926 2141 1002; x_wconf 85' lang='lat' dir='ltr'>perturbaret:</span> <span class='ocrx_word' id='word_1_36' title='bbox 2207 928 2325 984; x_wconf 90' lang='lat' dir='ltr'>vita</span> <span class='ocrx_word' id='word_1_37' title='bbox 2366 939 2426 984; x_wconf 90' lang='lat' dir='ltr'>et</span> <span class='ocrx_word' id='word_1_38' title='bbox 2462 926 2731 985; x_wconf 83' lang='lat' dir='ltr'>moribus</span> <span class='ocrx_word' id='word_1_39' title='bbox 2766 926 3068 1006; x_wconf 75' lang='lat' dir='ltr'>rebusque</span> <span class='ocrx_word' id='word_1_40' title='bbox 3096 929 3273 991; x_wconf 87' lang='lat' dir='ltr'>bouis</span> <span class='ocrx_word' id='word_1_41' title='bbox 3301 944 3362 989; x_wconf 89' lang='lat' dir='ltr'>et</span> <span class='ocrx_word' id='word_1_42' title='bbox 3385 952 3513 989; x_wconf 87' lang='lat' dir='ltr'>ma-</span> 
     </span>
     <span class='ocr_line' id='line_1_5' title="bbox 839 1002 3510 1081; baseline 0.001 -19"><span class='ocrx_word' id='word_1_43' title='bbox 839 1006 946 1062; x_wconf 89' lang='lat' dir='ltr'>sed</span> <span class='ocrx_word' id='word_1_44' title='bbox 986 1004 1138 1061; x_wconf 79' lang='lat' dir='ltr'>falso</span> <span class='ocrx_word' id='word_1_45' title='bbox 1181 1015 1292 1060; x_wconf 87' lang='lat' dir='ltr'>cet.</span> <span class='ocrx_word' id='word_1_46' title='bbox 1346 1020 1460 1079; x_wconf 90' lang='lat' dir='ltr'>pro</span> <span class='ocrx_word' id='word_1_47' title='bbox 1489 1003 1654 1060; x_wconf 80' lang='lat' dir='ltr'>Sulla</span> <span class='ocrx_word' id='word_1_48' title='bbox 1689 1010 1779 1070; x_wconf 84' lang='grc'>20,</span> <span class='ocrx_word' id='word_1_49' title='bbox 1813 1009 1904 1061; x_wconf 94' lang='grc'><strong>56.</strong></span> <span class='ocrx_word' id='word_1_50' title='bbox 1940 1033 2003 1043; x_wconf 91' lang='grc'><strong>-</strong></span> <span class='ocrx_word' id='word_1_51' title='bbox 2033 1003 2172 1060; x_wconf 47' lang='lat' dir='ltr'>Ve-</span> <span class='ocrx_word' id='word_1_52' title='bbox 2207 1004 2278 1059; x_wconf 89' lang='lat' dir='ltr'>lis</span> <span class='ocrx_word' id='word_1_53' title='bbox 2338 1021 2649 1080; x_wconf 89' lang='lat' dir='ltr'>quaerere.</span> <span class='ocrx_word' id='word_1_54' title='bbox 2745 1002 2927 1061; x_wconf 88' lang='lat' dir='ltr'>Cuius</span> <span class='ocrx_word' id='word_1_55' title='bbox 2989 1004 3296 1081; x_wconf 79' lang='lat' dir='ltr'>multiplex</span> <span class='ocrx_word' id='word_1_56' title='bbox 3352 1011 3510 1066; x_wconf 82' lang='lat' dir='ltr'>ratio</span> 
     </span>
    </p>

    <p class='ocr_par' dir='ltr' id='par_1_3' title="bbox 792 1068 3516 1381">
     <span class='ocr_line' id='line_1_6' title="bbox 792 1068 3515 1212; baseline 0.002 -76"><span class='ocrx_word' id='word_1_57' title='bbox 792 1132 797 1136; x_wconf 83' lang='grc'><strong>.</strong></span> <span class='ocrx_word' id='word_1_58' title='bbox 834 1093 932 1137; x_wconf 89' lang='lat' dir='ltr'>tus</span> <span class='ocrx_word' id='word_1_59' title='bbox 975 1083 1202 1136; x_wconf 89' lang='lat' dir='ltr'>amicus</span> <span class='ocrx_word' id='word_1_60' title='bbox 1250 1091 1309 1136; x_wconf 88' lang='lat' dir='ltr'>et</span> <span class='ocrx_word' id='word_1_61' title='bbox 1349 1080 1564 1153; x_wconf 82' lang='lat' dir='ltr'><strong>hospes</strong></span> <span class='ocrx_word' id='word_1_62' title='bbox 1605 1076 1938 1134; x_wconf 84' lang='lat' dir='ltr'>Ciceronis.</span> <span class='ocrx_word' id='word_1_63' title='bbox 1992 1068 2173 1134; x_wconf 88' lang='lat' dir='ltr'>Ibid.&#39;</span> <span class='ocrx_word' id='word_1_64' title='bbox 2207 1077 2550 1153; x_wconf 88' lang='lat' dir='ltr'>disputandi</span> <span class='ocrx_word' id='word_1_65' title='bbox 2588 1096 2911 1212; x_wconf 59' lang='lat' dir='ltr'>rerumgue</span> <span class='ocrx_word' id='word_1_66' title='bbox 2954 1082 3216 1138; x_wconf 88' lang='lat' dir='ltr'>varietas</span> <span class='ocrx_word' id='word_1_67' title='bbox 3257 1092 3316 1139; x_wconf 90' lang='lat' dir='ltr'>et</span> <span class='ocrx_word' id='word_1_68' title='bbox 3342 1086 3515 1160; x_wconf 83' lang='lat' dir='ltr'>inge-</span> 
     </span>
     <span class='ocr_line' id='line_1_7' title="bbox 836 1151 3515 1229; baseline 0.001 -19"><span class='ocrx_word' id='word_1_69' title='bbox 836 1161 885 1226; x_wconf 86' lang='lat'>§.</span> <span class='ocrx_word' id='word_1_70' title='bbox 927 1162 1022 1216; x_wconf 83' lang='lat'>58.</span> <span class='ocrx_word' id='word_1_71' title='bbox 1071 1184 1134 1195; x_wconf 96' lang='lat'><strong>—</strong></span> <span class='ocrx_word' id='word_1_72' title='bbox 1180 1154 1250 1210; x_wconf 89' lang='lat' dir='ltr'>P.</span> <span class='ocrx_word' id='word_1_73' title='bbox 1294 1153 1506 1211; x_wconf 86' lang='lat' dir='ltr'>Sittius</span> <span class='ocrx_word' id='word_1_74' title='bbox 1547 1151 1910 1221; x_wconf 84' lang='lat' dir='ltr'>Nucerinus,</span> <span class='ocrx_word' id='word_1_75' title='bbox 1955 1154 2146 1227; x_wconf 87' lang='lat' dir='ltr'>parti-</span> <span class='ocrx_word' id='word_1_76' title='bbox 2207 1156 2290 1210; x_wconf 89' lang='lat' dir='ltr'>nii</span> <span class='ocrx_word' id='word_1_77' title='bbox 2343 1153 2726 1229; x_wconf 76' lang='lat' dir='ltr'>magnitudo,</span> <span class='ocrx_word' id='word_1_78' title='bbox 2840 1153 3059 1212; x_wconf 89' lang='lat' dir='ltr'>latonis</span> <span class='ocrx_word' id='word_1_79' title='bbox 3110 1161 3515 1227; x_wconf 46' lang='lat' dir='ltr'>memoriast</span> 
     </span>
     <span class='ocr_line' id='line_1_8' title="bbox 839 1228 3516 1308; baseline 0.001 -20"><span class='ocrx_word' id='word_1_80' title='bbox 839 1250 982 1306; x_wconf 88' lang='lat' dir='ltr'>ceps</span> <span class='ocrx_word' id='word_1_81' title='bbox 1025 1229 1418 1286; x_wconf 89' lang='lat' dir='ltr'>consiliorum</span> <span class='ocrx_word' id='word_1_82' title='bbox 1446 1228 1760 1285; x_wconf 78' lang='lat' dir='ltr'>Catilinae.</span> <span class='ocrx_word' id='word_1_83' title='bbox 1839 1228 1898 1283; x_wconf 86' lang='lat' dir='ltr'>Is</span> <span class='ocrx_word' id='word_1_84' title='bbox 1933 1239 2053 1284; x_wconf 89' lang='lat' dir='ltr'>tum</span> <span class='ocrx_word' id='word_1_85' title='bbox 2082 1230 2146 1284; x_wconf 90' lang='lat' dir='ltr'>iu</span> <span class='ocrx_word' id='word_1_86' title='bbox 2210 1229 2429 1287; x_wconf 88' lang='lat' dir='ltr'>litteris</span> <span class='ocrx_word' id='word_1_87' title='bbox 2470 1242 2847 1296; x_wconf 87' lang='lat' dir='ltr'>consecrata,</span> <span class='ocrx_word' id='word_1_88' title='bbox 2935 1230 3067 1286; x_wconf 88' lang='lat' dir='ltr'>lura</span> <span class='ocrx_word' id='word_1_89' title='bbox 3101 1249 3326 1308; x_wconf 77' lang='lat' dir='ltr'>genera</span> <span class='ocrx_word' id='word_1_90' title='bbox 3367 1231 3516 1290; x_wconf 80' lang='lat' dir='ltr'>effe-</span> 
     </span>
     <span class='ocr_line' id='line_1_9' title="bbox 840 1250 3514 1381; baseline -0 -17"><span class='ocrx_word' id='word_1_91' title='bbox 840 1307 1216 1365; x_wconf 85' lang='lat' dir='ltr'>Mauretania</span> <span class='ocrx_word' id='word_1_92' title='bbox 1269 1324 1404 1361; x_wconf 89' lang='lat' dir='ltr'>cum</span> <span class='ocrx_word' id='word_1_93' title='bbox 1461 1306 1732 1360; x_wconf 87' lang='lat' dir='ltr'>exercitu</span> <span class='ocrx_word' id='word_1_94' title='bbox 1789 1313 1937 1359; x_wconf 89' lang='lat' dir='ltr'>erat.</span> <span class='ocrx_word' id='word_1_95' title='bbox 2016 1302 2140 1360; x_wconf 88' lang='lat' dir='ltr'>Sal.</span> <span class='ocrx_word' id='word_1_96' title='bbox 2207 1307 2287 1361; x_wconf 91' lang='lat' dir='ltr'>cit</span> <span class='ocrx_word' id='word_1_97' title='bbox 2305 1303 2779 1361; x_wconf 84' lang='lat' dir='ltr'>dissentientium</span> <span class='ocrx_word' id='word_1_98' title='bbox 2796 1250 3514 1381; x_wconf 47' lang='lat' dir='ltr'>philosophorumssl&#39;usc.</span> 
     </span>
    </p>

    <p class='ocr_par' dir='ltr' id='par_1_4' title="bbox 2207 1379 3620 1464">
     <span class='ocr_line' id='line_1_10' title="bbox 2207 1379 3620 1464; baseline 0.001 -26"><span class='ocrx_word' id='word_1_99' title='bbox 2207 1384 2262 1446; x_wconf 85' lang='lat'>5,</span> <span class='ocrx_word' id='word_1_100' title='bbox 2295 1385 2350 1446; x_wconf 98' lang='grc'>4,</span> <span class='ocrx_word' id='word_1_101' title='bbox 2385 1389 2455 1437; x_wconf 88' lang='grc'>10</span> <span class='ocrx_word' id='word_1_102' title='bbox 2474 1392 2541 1436; x_wconf 81' lang='lat' dir='ltr'>et</span> <span class='ocrx_word' id='word_1_103' title='bbox 2568 1389 2659 1439; x_wconf 85' lang='lat'>11.</span> <span class='ocrx_word' id='word_1_104' title='bbox 2695 1411 2758 1422; x_wconf 96' lang='lat'><strong>—</strong></span> <span class='ocrx_word' id='word_1_105' title='bbox 2804 1379 3088 1438; x_wconf 74' lang='lat' dir='ltr'>Socrates</span> <span class='ocrx_word' id='word_1_106' title='bbox 3114 1400 3353 1440; x_wconf 89' lang='lat' dir='ltr'>omnem</span> <span class='ocrx_word' id='word_1_107' title='bbox 3380 1401 3514 1440; x_wconf 87' lang='lat' dir='ltr'>cae·</span> <span class='ocrx_word' id='word_1_108' title='bbox 3613 1450 3620 1464; x_wconf 44' lang='grc' dir='ltr'><strong><em>Ι</em></strong></span> 
     </span>
    </p>

    <p class='ocr_par' dir='ltr' id='par_1_5' title="bbox 2179 1455 3512 1686">
     <span class='ocr_line' id='line_1_11' title="bbox 2207 1455 3511 1536; baseline 0.004 -26"><span class='ocrx_word' id='word_1_109' title='bbox 2207 1455 2439 1512; x_wconf 74' lang='lat' dir='ltr'>les-tium</span> <span class='ocrx_word' id='word_1_110' title='bbox 2478 1474 2684 1513; x_wconf 91' lang='lat' dir='ltr'>curam</span> <span class='ocrx_word' id='word_1_111' title='bbox 2723 1456 3037 1532; x_wconf 83' lang='lat' dir='ltr'>deposuit,</span> <span class='ocrx_word' id='word_1_112' title='bbox 3094 1477 3314 1534; x_wconf 87' lang='lat' dir='ltr'>eaque,</span> <span class='ocrx_word' id='word_1_113' title='bbox 3361 1477 3511 1536; x_wconf 86' lang='lat' dir='ltr'>quae</span> 
     </span>
     <span class='ocr_line' id='line_1_12' title="bbox 2179 1530 3512 1608; baseline 0.003 -22"><span class='ocrx_word' id='word_1_114' title='bbox 2179 1530 2278 1600; x_wconf 70' lang='lat' dir='ltr'>fde</span> <span class='ocrx_word' id='word_1_115' title='bbox 2329 1540 2546 1588; x_wconf 87' lang='lat' dir='ltr'>natura</span> <span class='ocrx_word' id='word_1_116' title='bbox 2606 1542 3071 1608; x_wconf 85' lang='lat' dir='ltr'>quaererentur,</span> <span class='ocrx_word' id='word_1_117' title='bbox 3130 1545 3232 1590; x_wconf 85' lang='lat' dir='ltr'>aut</span> <span class='ocrx_word' id='word_1_118' title='bbox 3282 1537 3512 1591; x_wconf 89' lang='lat' dir='ltr'>maiora</span> 
     </span>
     <span class='ocr_line' id='line_1_13' title="bbox 2207 1607 3507 1686; baseline 0.003 -25"><span class='ocrx_word' id='word_1_119' title='bbox 2207 1624 2380 1683; x_wconf 86' lang='lat' dir='ltr'>quam</span> <span class='ocrx_word' id='word_1_120' title='bbox 2419 1607 2724 1663; x_wconf 86' lang='lat' dir='ltr'>hominum</span> <span class='ocrx_word' id='word_1_121' title='bbox 2766 1610 2920 1664; x_wconf 90' lang='lat' dir='ltr'>ratio</span> <span class='ocrx_word' id='word_1_122' title='bbox 2964 1611 3256 1686; x_wconf 82' lang='lat' dir='ltr'>consequi</span> <span class='ocrx_word' id='word_1_123' title='bbox 3291 1615 3507 1684; x_wconf 80' lang='lat' dir='ltr'>possit,</span> 
     </span>
    </p>

    <p class='ocr_par' dir='ltr' id='par_1_6' title="bbox 2179 1680 3515 1743">
     <span class='ocr_line' id='line_1_14' title="bbox 2179 1680 3515 1743; baseline 0.003 -6"><span class='ocrx_word' id='word_1_124' title='bbox 2179 1680 2355 1743; x_wconf 79' lang='lat' dir='ltr'>[nihil</span> <span class='ocrx_word' id='word_1_125' title='bbox 2405 1685 2648 1739; x_wconf 91' lang='lat' dir='ltr'>omnino</span> <span class='ocrx_word' id='word_1_126' title='bbox 2704 1683 2777 1739; x_wconf 88' lang='lat' dir='ltr'>ad</span> <span class='ocrx_word' id='word_1_127' title='bbox 2835 1685 3018 1740; x_wconf 83' lang='lat' dir='ltr'>vitam</span> <span class='ocrx_word' id='word_1_128' title='bbox 3075 1685 3381 1741; x_wconf 87' lang='lat' dir='ltr'>hominum</span> <span class='ocrx_word' id='word_1_129' title='bbox 3420 1697 3515 1740; x_wconf 82' lang='lat' dir='ltr'>at·-</span> 
     </span>
    </p>

    <p class='ocr_par' dir='ltr' id='par_1_7' title="bbox 2207 1758 3511 1833">
     <span class='ocr_line' id='line_1_15' title="bbox 2207 1758 3511 1833; baseline 0.002 -20"><span class='ocrx_word' id='word_1_130' title='bbox 2207 1769 2395 1813; x_wconf 82' lang='lat' dir='ltr'>tinere</span> <span class='ocrx_word' id='word_1_131' title='bbox 2455 1758 2624 1815; x_wconf 86' lang='lat' dir='ltr'>dixit.</span> <span class='ocrx_word' id='word_1_132' title='bbox 2719 1759 2791 1815; x_wconf 91' lang='lat' dir='ltr'>de</span> <span class='ocrx_word' id='word_1_133' title='bbox 2831 1758 2979 1833; x_wconf 84' lang='lat' dir='ltr'>Rep.</span> <span class='ocrx_word' id='word_1_134' title='bbox 3025 1766 3093 1827; x_wconf 96' lang='grc'>1,</span> <span class='ocrx_word' id='word_1_135' title='bbox 3135 1771 3238 1828; x_wconf 97' lang='grc'>10,</span> <span class='ocrx_word' id='word_1_136' title='bbox 3285 1766 3377 1819; x_wconf 90' lang='grc'>15.</span> <span class='ocrx_word' id='word_1_137' title='bbox 3448 1788 3511 1801; x_wconf 88' lang='grc'>-</span> 
     </span>
    </p>

    <p class='ocr_par' dir='ltr' id='par_1_8' title="bbox 2207 1833 3513 1893">
     <span class='ocr_line' id='line_1_16' title="bbox 2207 1833 3513 1893; baseline 0.003 -5"><span class='ocrx_word' id='word_1_138' title='bbox 2207 1835 2484 1890; x_wconf 83' lang='lat' dir='ltr'>Attamen</span> <span class='ocrx_word' id='word_1_139' title='bbox 2514 1835 2573 1889; x_wconf 91' lang='lat' dir='ltr'>in</span> <span class='ocrx_word' id='word_1_140' title='bbox 2602 1833 2874 1891; x_wconf 84' lang='lat' dir='ltr'>Platonis</span> <span class='ocrx_word' id='word_1_141' title='bbox 2913 1833 3086 1891; x_wconf 86' lang='lat' dir='ltr'>libris</span> <span class='ocrx_word' id='word_1_142' title='bbox 3120 1836 3321 1893; x_wconf 89' lang='lat' dir='ltr'>multis</span> <span class='ocrx_word' id='word_1_143' title='bbox 3359 1836 3513 1892; x_wconf 87' lang='lat' dir='ltr'>locis</span> 
     </span>
    </p>

    <p class='ocr_par' dir='ltr' id='par_1_9' title="bbox 2207 1908 3602 2345">
     <span class='ocr_line' id='line_1_17' title="bbox 2207 1908 3512 1985; baseline 0.003 -22"><span class='ocrx_word' id='word_1_144' title='bbox 2207 1910 2287 1964; x_wconf 90' lang='lat' dir='ltr'>ita</span> <span class='ocrx_word' id='word_1_145' title='bbox 2326 1908 2616 1985; x_wconf 89' lang='lat' dir='ltr'>loquitur,</span> <span class='ocrx_word' id='word_1_146' title='bbox 2658 1919 2726 1965; x_wconf 88' lang='lat' dir='ltr'>ut</span> <span class='ocrx_word' id='word_1_147' title='bbox 2752 1909 2927 1965; x_wconf 87' lang='lat' dir='ltr'>etiam</span> <span class='ocrx_word' id='word_1_148' title='bbox 2956 1929 3093 1966; x_wconf 88' lang='lat' dir='ltr'>cum</span> <span class='ocrx_word' id='word_1_149' title='bbox 3119 1912 3191 1968; x_wconf 90' lang='lat' dir='ltr'>de</span> <span class='ocrx_word' id='word_1_150' title='bbox 3218 1909 3512 1979; x_wconf 73' lang='lat' dir='ltr'>moribus,</span> 
     </span>
     <span class='ocr_line' id='line_1_18' title="bbox 2207 1983 3602 2063; baseline 0.002 -23"><span class='ocrx_word' id='word_1_151' title='bbox 2207 1983 2278 2040; x_wconf 89' lang='lat' dir='ltr'>de</span> <span class='ocrx_word' id='word_1_152' title='bbox 2319 1983 2679 2052; x_wconf 88' lang='lat' dir='ltr'>virtutibus,</span> <span class='ocrx_word' id='word_1_153' title='bbox 2743 1983 3001 2061; x_wconf 88' lang='lat' dir='ltr'>denique</span> <span class='ocrx_word' id='word_1_154' title='bbox 3055 1985 3127 2044; x_wconf 89' lang='lat' dir='ltr'>de</span> <span class='ocrx_word' id='word_1_155' title='bbox 3166 2005 3233 2042; x_wconf 89' lang='lat' dir='ltr'>re</span> <span class='ocrx_word' id='word_1_156' title='bbox 3274 1985 3516 2063; x_wconf 79' lang='lat' dir='ltr'>publica</span> <span class='ocrx_word' id='word_1_157' title='bbox 3597 1991 3602 1995; x_wconf 83' lang='grc'><strong>’</strong></span> 
     </span>
     <span class='ocr_line' id='line_1_19' title="bbox 2207 2058 3516 2136; baseline 0.003 -21"><span class='ocrx_word' id='word_1_158' title='bbox 2207 2058 2488 2135; x_wconf 87' lang='lat' dir='ltr'>disputet,</span> <span class='ocrx_word' id='word_1_159' title='bbox 2520 2077 2802 2116; x_wconf 89' lang='lat' dir='ltr'>numeros</span> <span class='ocrx_word' id='word_1_160' title='bbox 2824 2071 3023 2117; x_wconf 88' lang='lat' dir='ltr'>tamen</span> <span class='ocrx_word' id='word_1_161' title='bbox 3045 2072 3105 2117; x_wconf 92' lang='lat' dir='ltr'>et</span> <span class='ocrx_word' id='word_1_162' title='bbox 3123 2064 3516 2136; x_wconf 78' lang='lat' dir='ltr'>geometriam</span> 
     </span>
     <span class='ocr_line' id='line_1_20' title="bbox 2207 2134 3551 2209; baseline 0.001 -18"><span class='ocrx_word' id='word_1_163' title='bbox 2207 2144 2266 2191; x_wconf 87' lang='lat' dir='ltr'>et</span> <span class='ocrx_word' id='word_1_164' title='bbox 2294 2135 2666 2191; x_wconf 85' lang='lat' dir='ltr'>harmoniam</span> <span class='ocrx_word' id='word_1_165' title='bbox 2693 2134 2927 2192; x_wconf 85' lang='lat' dir='ltr'>studeat</span> <span class='ocrx_word' id='word_1_166' title='bbox 2942 2136 3131 2209; x_wconf 83' lang='lat' dir='ltr'>Pytha</span> <span class='ocrx_word' id='word_1_167' title='bbox 3178 2156 3320 2195; x_wconf 82' lang='lat' dir='ltr'>orae</span> <span class='ocrx_word' id='word_1_168' title='bbox 3345 2154 3551 2193; x_wconf 61' lang='lat' dir='ltr'>mores</span> 
     </span>
     <span class='ocr_line' id='line_1_21' title="bbox 2210 2157 3518 2286; baseline 0.002 -20"><span class='ocrx_word' id='word_1_169' title='bbox 2210 2212 2599 2286; x_wconf 78' lang='lat' dir='ltr'>coniungere.</span> <span class='ocrx_word' id='word_1_170' title='bbox 2632 2208 2723 2269; x_wconf 90' lang='lat' dir='ltr'>Ib.</span> <span class='ocrx_word' id='word_1_171' title='bbox 2744 2214 2795 2280; x_wconf 82' lang='lat'>§.</span> <span class='ocrx_word' id='word_1_172' title='bbox 2815 2216 2910 2271; x_wconf 83' lang='lat'>16.</span> <span class='ocrx_word' id='word_1_173' title='bbox 2936 2241 3009 2254; x_wconf 88' lang='lat'>—</span> <span class='ocrx_word' id='word_1_174' title='bbox 3031 2157 3298 2280; x_wconf 54' lang='lat' dir='ltr'>Scificet,</span> <span class='ocrx_word' id='word_1_175' title='bbox 3322 2211 3518 2280; x_wconf 86' lang='lat' dir='ltr'>Plato,</span> 
     </span>
     <span class='ocr_line' id='line_1_22' title="bbox 2210 2284 3513 2345; baseline 0.002 -3"><span class='ocrx_word' id='word_1_176' title='bbox 2210 2304 2345 2342; x_wconf 89' lang='lat' dir='ltr'>cum</span> <span class='ocrx_word' id='word_1_177' title='bbox 2389 2284 2705 2343; x_wconf 88' lang='lat' dir='ltr'>Socratem</span> <span class='ocrx_word' id='word_1_178' title='bbox 2754 2287 2931 2343; x_wconf 91' lang='lat' dir='ltr'>unice</span> <span class='ocrx_word' id='word_1_179' title='bbox 2984 2286 3291 2345; x_wconf 85' lang='lat' dir='ltr'>dilexisset</span> <span class='ocrx_word' id='word_1_180' title='bbox 3341 2290 3396 2344; x_wconf 87' lang='lat' dir='ltr'>ei</span> <span class='ocrx_word' id='word_1_181' title='bbox 3439 2305 3513 2344; x_wconf 92' lang='lat' dir='ltr'>ue</span> 
     </span>
    </p>

    <p class='ocr_par' dir='ltr' id='par_1_10' title="bbox 2209 2359 3521 2438">
     <span class='ocr_line' id='line_1_23' title="bbox 2209 2359 3521 2438; baseline 0.002 -20"><span class='ocrx_word' id='word_1_182' title='bbox 2209 2361 2405 2418; x_wconf 87' lang='lat' dir='ltr'>omnia</span> <span class='ocrx_word' id='word_1_183' title='bbox 2447 2359 2713 2418; x_wconf 89' lang='lat' dir='ltr'>tribuere</span> <span class='ocrx_word' id='word_1_184' title='bbox 2750 2362 3059 2430; x_wconf 83' lang='lat' dir='ltr'>voluisset,</span> <span class='ocrx_word' id='word_1_185' title='bbox 3102 2364 3368 2438; x_wconf 89' lang='lat' dir='ltr'>leporem</span> <span class='ocrx_word' id='word_1_186' title='bbox 3447 2382 3521 2421; x_wconf 92' lang='lat' dir='ltr'>o-</span> 
     </span>
    </p>

    <p class='ocr_par' dir='ltr' id='par_1_11' title="bbox 2208 2436 3514 2514">
     <span class='ocr_line' id='line_1_24' title="bbox 2208 2436 3514 2514; baseline 0.002 -22"><span class='ocrx_word' id='word_1_187' title='bbox 2208 2437 2498 2492; x_wconf 85' lang='lat' dir='ltr'>craticum</span> <span class='ocrx_word' id='word_1_188' title='bbox 2526 2436 3031 2514; x_wconf 87' lang='lat' dir='ltr'>subtilitatemque</span> <span class='ocrx_word' id='word_1_189' title='bbox 3060 2439 3355 2496; x_wconf 87' lang='lat' dir='ltr'>sermonis</span> <span class='ocrx_word' id='word_1_190' title='bbox 3378 2457 3514 2496; x_wconf 89' lang='lat' dir='ltr'>cum</span> 
     </span>
    </p>

    <p class='ocr_par' dir='ltr' id='par_1_12' title="bbox 2207 2510 3518 2587">
     <span class='ocr_line' id='line_1_25' title="bbox 2207 2510 3518 2587; baseline 0.002 -19"><span class='ocrx_word' id='word_1_191' title='bbox 2207 2512 2585 2587; x_wconf 87' lang='lat' dir='ltr'>Pythagorae</span> <span class='ocrx_word' id='word_1_192' title='bbox 2652 2510 3017 2570; x_wconf 86' lang='lat' dir='ltr'>obscuritate</span> <span class='ocrx_word' id='word_1_193' title='bbox 3088 2524 3149 2571; x_wconf 88' lang='lat' dir='ltr'>et</span> <span class='ocrx_word' id='word_1_194' title='bbox 3214 2533 3350 2573; x_wconf 88' lang='lat' dir='ltr'>cum</span> <span class='ocrx_word' id='word_1_195' title='bbox 3415 2513 3518 2571; x_wconf 84' lang='lat' dir='ltr'>illa</span> 
     </span>
    </p>

    <p class='ocr_par' dir='ltr' id='par_1_13' title="bbox 2208 2586 3521 3039">
     <span class='ocr_line' id='line_1_26' title="bbox 2208 2586 3517 2718; baseline 0.002 -76"><span class='ocrx_word' id='word_1_196' title='bbox 2208 2586 2601 2718; x_wconf 83' lang='lat' dir='ltr'>plurimarum</span> <span class='ocrx_word' id='word_1_197' title='bbox 2622 2589 2838 2643; x_wconf 88' lang='lat' dir='ltr'>artium</span> <span class='ocrx_word' id='word_1_198' title='bbox 2865 2590 3161 2664; x_wconf 82' lang='lat' dir='ltr'>gravitate</span> <span class='ocrx_word' id='word_1_199' title='bbox 3187 2591 3517 2648; x_wconf 86' lang='lat' dir='ltr'>contexuit.</span> 
     </span>
     <span class='ocr_line' id='line_1_27' title="bbox 2240 2660 3517 2722; baseline 0.003 -4"><span class='ocrx_word' id='word_1_200' title='bbox 2240 2660 2360 2718; x_wconf 90' lang='lat' dir='ltr'>bid.</span> <span class='ocrx_word' id='word_1_201' title='bbox 2384 2691 2457 2706; x_wconf 92' lang='lat'><strong>—</strong></span> <span class='ocrx_word' id='word_1_202' title='bbox 2482 2660 2653 2719; x_wconf 88' lang='lat' dir='ltr'>Illam</span> <span class='ocrx_word' id='word_1_203' title='bbox 2680 2660 3058 2720; x_wconf 86' lang='lat' dir='ltr'>Socraticam</span> <span class='ocrx_word' id='word_1_204' title='bbox 3084 2663 3517 2722; x_wconf 84' lang='lat' dir='ltr'>dubitationem</span> 
     </span>
     <span class='ocr_line' id='line_1_28' title="bbox 2209 2735 3515 2815; baseline 0.002 -20"><span class='ocrx_word' id='word_1_205' title='bbox 2209 2738 2279 2795; x_wconf 90' lang='lat' dir='ltr'>de</span> <span class='ocrx_word' id='word_1_206' title='bbox 2322 2736 2599 2793; x_wconf 89' lang='lat' dir='ltr'>omnibus</span> <span class='ocrx_word' id='word_1_207' title='bbox 2639 2735 2820 2793; x_wconf 90' lang='lat' dir='ltr'>rebus</span> <span class='ocrx_word' id='word_1_208' title='bbox 2862 2738 3238 2815; x_wconf 88' lang='lat' dir='ltr'>reliquerunt</span> <span class='ocrx_word' id='word_1_209' title='bbox 3274 2739 3515 2797; x_wconf 82' lang='lat' dir='ltr'>Acade-</span> 
     </span>
     <span class='ocr_line' id='line_1_29' title="bbox 2210 2813 3521 2892; baseline 0.002 -23"><span class='ocrx_word' id='word_1_210' title='bbox 2210 2813 2350 2869; x_wconf 87' lang='lat' dir='ltr'>mici</span> <span class='ocrx_word' id='word_1_211' title='bbox 2376 2823 2435 2869; x_wconf 90' lang='lat' dir='ltr'>et</span> <span class='ocrx_word' id='word_1_212' title='bbox 2461 2813 2866 2887; x_wconf 84' lang='lat' dir='ltr'>Peripatetici.</span> <span class='ocrx_word' id='word_1_213' title='bbox 2913 2814 3001 2870; x_wconf 86' lang='lat' dir='ltr'>Ita</span> <span class='ocrx_word' id='word_1_214' title='bbox 3028 2815 3183 2871; x_wconf 78' lang='lat' dir='ltr'>sacta</span> <span class='ocrx_word' id='word_1_215' title='bbox 3211 2824 3302 2870; x_wconf 88' lang='lat' dir='ltr'>est</span> <span class='ocrx_word' id='word_1_216' title='bbox 3331 2813 3521 2892; x_wconf 87' lang='lat' dir='ltr'>(qnod</span> 
     </span>
     <span class='ocr_line' id='line_1_30' title="bbox 2211 2887 3520 2968; baseline 0.002 -24"><span class='ocrx_word' id='word_1_217' title='bbox 2211 2889 2450 2944; x_wconf 86' lang='lat' dir='ltr'>minime</span> <span class='ocrx_word' id='word_1_218' title='bbox 2492 2887 2774 2949; x_wconf 79' lang='lat' dir='ltr'>Socrates</span> <span class='ocrx_word' id='word_1_219' title='bbox 2814 2888 3150 2964; x_wconf 85' lang='lat' dir='ltr'>probabat)</span> <span class='ocrx_word' id='word_1_220' title='bbox 3191 2907 3294 2946; x_wconf 88' lang='lat' dir='ltr'>ars</span> <span class='ocrx_word' id='word_1_221' title='bbox 3335 2909 3520 2968; x_wconf 89' lang='lat' dir='ltr'>quae-</span> 
     </span>
     <span class='ocr_line' id='line_1_31' title="bbox 2211 2962 3520 3039; baseline 0.002 -20"><span class='ocrx_word' id='word_1_222' title='bbox 2211 2962 2345 3021; x_wconf 85' lang='lat' dir='ltr'>dam</span> <span class='ocrx_word' id='word_1_223' title='bbox 2383 2963 2812 3039; x_wconf 84' lang='lat' dir='ltr'>philosophiae.</span> <span class='ocrx_word' id='word_1_224' title='bbox 2868 2964 3059 3021; x_wconf 88' lang='lat' dir='ltr'>Acad.</span> <span class='ocrx_word' id='word_1_225' title='bbox 3107 2976 3160 3030; x_wconf 83' lang='grc'>1,</span> <span class='ocrx_word' id='word_1_226' title='bbox 3202 2968 3262 3031; x_wconf 82' lang='grc'>4,</span> <span class='ocrx_word' id='word_1_227' title='bbox 3312 2972 3401 3023; x_wconf 97' lang='grc'>17.</span> <span class='ocrx_word' id='word_1_228' title='bbox 3441 2994 3520 3009; x_wconf 93' lang='lat'>—-</span> 
     </span>
    </p>

    <p class='ocr_par' dir='ltr' id='par_1_14' title="bbox 2211 3037 3522 3097">
     <span class='ocr_line' id='line_1_32' title="bbox 2211 3037 3522 3097; baseline 0.001 -2"><span class='ocrx_word' id='word_1_229' title='bbox 2211 3039 2431 3095; x_wconf 81' lang='lat' dir='ltr'>Rerum</span> <span class='ocrx_word' id='word_1_230' title='bbox 2448 3037 2785 3096; x_wconf 88' lang='lat' dir='ltr'>obscuritas</span> <span class='ocrx_word' id='word_1_231' title='bbox 2801 3039 2873 3095; x_wconf 97' lang='lat' dir='ltr'>ad</span> <span class='ocrx_word' id='word_1_232' title='bbox 2889 3039 3330 3097; x_wconf 72' lang='lat' dir='ltr'>confessionem</span> <span class='ocrx_word' id='word_1_233' title='bbox 3348 3041 3370 3095; x_wconf 90' lang='lat' dir='ltr'>i</span> <span class='ocrx_word' id='word_1_234' title='bbox 3412 3058 3522 3096; x_wconf 89' lang='lat' dir='ltr'>no-</span> 
     </span>
    </p>

    <p class='ocr_par' dir='ltr' id='par_1_15' title="bbox 848 3112 3519 3249">
     <span class='ocr_line' id='line_1_33' title="bbox 848 3112 3519 3249; baseline 0 -37"><span class='ocrx_word' id='word_1_235' title='bbox 848 3153 975 3212; x_wconf 75' lang='lat' dir='ltr'>cfr.</span> <span class='ocrx_word' id='word_1_236' title='bbox 1020 3156 1200 3211; x_wconf 82' lang='lat' dir='ltr'>etiam</span> <span class='ocrx_word' id='word_1_237' title='bbox 1237 3153 1405 3211; x_wconf 84' lang='lat' dir='ltr'>Brut.</span> <span class='ocrx_word' id='word_1_238' title='bbox 1446 3161 1541 3223; x_wconf 88' lang='grc'>22,</span> <span class='ocrx_word' id='word_1_239' title='bbox 1584 3160 1673 3215; x_wconf 86' lang='grc'><strong>85.</strong></span> <span class='ocrx_word' id='word_1_240' title='bbox 1737 3151 1811 3209; x_wconf 92' lang='lat' dir='ltr'>de</span> <span class='ocrx_word' id='word_1_241' title='bbox 1849 3153 1978 3228; x_wconf 82' lang='lat' dir='ltr'>lege</span> <span class='ocrx_word' id='word_1_242' title='bbox 2019 3171 2148 3230; x_wconf 77' lang='lat' dir='ltr'>agr.</span> <span class='ocrx_word' id='word_1_243' title='bbox 2210 3115 2462 3248; x_wconf 38' lang='lat' dir='ltr'>{3⁶2¹}ss</span> <span class='ocrx_word' id='word_1_244' title='bbox 2479 3112 3519 3249; x_wconf 45' lang='grc' dir='ltr'>Σάἓξζῗυὲιῖᾛῗιῗὲἒώὲῃξζᾶὥ</span> 
     </span>
    </p>

    <p class='ocr_par' dir='ltr' id='par_1_16' title="bbox 848 3230 3520 3403">
     <span class='ocr_line' id='line_1_34' title="bbox 848 3230 3520 3344; baseline 0.002 -28"><span class='ocrx_word' id='word_1_245' title='bbox 848 3236 904 3299; x_wconf 72' lang='grc'>2’</span> <span class='ocrx_word' id='word_1_246' title='bbox 951 3233 1045 3296; x_wconf 71' lang='lat'>¹⁵¹</span> <span class='ocrx_word' id='word_1_247' title='bbox 1087 3234 1181 3290; x_wconf 73' lang='lat'>39·</span> <span class='ocrx_word' id='word_1_248' title='bbox 1259 3230 1332 3286; x_wconf 67' lang='lat' dir='ltr'>‘d</span> <span class='ocrx_word' id='word_1_249' title='bbox 1370 3230 1497 3286; x_wconf 61' lang='lat' dir='ltr'>Au·</span> <span class='ocrx_word' id='word_1_250' title='bbox 1541 3233 1598 3297; x_wconf 86' lang='lat'>9’</span> <span class='ocrx_word' id='word_1_251' title='bbox 1639 3234 1696 3296; x_wconf 80' lang='lat'>9²</span> <span class='ocrx_word' id='word_1_252' title='bbox 1744 3237 1799 3286; x_wconf 64' lang='lat'>²·</span> <span class='ocrx_word' id='word_1_253' title='bbox 2212 3230 2435 3320; x_wconf 73' lang='lat' dir='ltr'>nullum</span> <span class='ocrx_word' id='word_1_254' title='bbox 2453 3267 2612 3322; x_wconf 90' lang='lat' dir='ltr'>inter</span> <span class='ocrx_word' id='word_1_255' title='bbox 2657 3264 3520 3344; x_wconf 80' lang='lat' dir='ltr'>onendiaheotradita,quam</span> 
     </span>
     <span class='ocr_line' id='line_1_35' title="bbox 925 3321 3513 3403; baseline 0.002 -11"><span class='ocrx_word' id='word_1_256' title='bbox 925 3323 1239 3381; x_wconf 65' lang='grc' dir='ltr'>ΞΜΥΒΝΑΠ</span> <span class='ocrx_word' id='word_1_257' title='bbox 1263 3321 1595 3379; x_wconf 64' lang='lat' dir='ltr'>Homerum</span> <span class='ocrx_word' id='word_1_258' title='bbox 1635 3341 1809 3380; x_wconf 67' lang='lat' dir='ltr'>Suum</span> <span class='ocrx_word' id='word_1_259' title='bbox 1847 3340 1977 3379; x_wconf 68' lang='lat'>0⁸⁵0</span> <span class='ocrx_word' id='word_1_260' title='bbox 2005 3340 2154 3379; x_wconf 75' lang='lat'>⁰⁰¹2·</span> <span class='ocrx_word' id='word_1_261' title='bbox 2210 3349 2419 3397; x_wconf 88' lang='lat' dir='ltr'>tenent</span> <span class='ocrx_word' id='word_1_262' title='bbox 2457 3341 2582 3397; x_wconf 89' lang='lat' dir='ltr'>Aca</span> <span class='ocrx_word' id='word_1_263' title='bbox 2630 3343 2823 3399; x_wconf 89' lang='lat' dir='ltr'>emici.</span> <span class='ocrx_word' id='word_1_264' title='bbox 2894 3341 2967 3399; x_wconf 90' lang='lat' dir='ltr'>de</span> <span class='ocrx_word' id='word_1_265' title='bbox 2993 3341 3131 3398; x_wconf 79' lang='lat' dir='ltr'>niv.</span> <span class='ocrx_word' id='word_1_266' title='bbox 3164 3347 3199 3397; x_wconf 90' lang='grc'><strong>2</strong></span> <span class='ocrx_word' id='word_1_267' title='bbox 3254 3349 3325 3403; x_wconf 88' lang='grc'>72</span> <span class='ocrx_word' id='word_1_268' title='bbox 3383 3346 3513 3401; x_wconf 89' lang='grc'><strong>150.</strong></span> 
     </span>
    </p>

    <p class='ocr_par' dir='ltr' id='par_1_17' title="bbox 847 3383 3520 3492">
     <span class='ocr_line' id='line_1_36' title="bbox 847 3383 3520 3492; baseline -0 -36"><span class='ocrx_word' id='word_1_269' title='bbox 847 3398 1091 3457; x_wconf 85' lang='lat' dir='ltr'>firmant</span> <span class='ocrx_word' id='word_1_270' title='bbox 1130 3399 1327 3475; x_wconf 88' lang='lat' dir='ltr'>itaque</span> <span class='ocrx_word' id='word_1_271' title='bbox 1369 3401 1547 3455; x_wconf 90' lang='lat' dir='ltr'>etiam</span> <span class='ocrx_word' id='word_1_272' title='bbox 1590 3396 1905 3455; x_wconf 88' lang='lat' dir='ltr'>delubrum</span> <span class='ocrx_word' id='word_1_273' title='bbox 1937 3400 2064 3455; x_wconf 91' lang='lat' dir='ltr'>eius</span> <span class='ocrx_word' id='word_1_274' title='bbox 2091 3398 2154 3452; x_wconf 89' lang='lat' dir='ltr'>iu</span> <span class='ocrx_word' id='word_1_275' title='bbox 2219 3446 2278 3458; x_wconf 84' lang='grc'><strong>..,,</strong></span> <span class='ocrx_word' id='word_1_276' title='bbox 2324 3415 2399 3472; x_wconf 66' lang='lat' dir='ltr'>Ei</span> <span class='ocrx_word' id='word_1_277' title='bbox 2440 3416 2587 3472; x_wconf 60' lang='lat' dir='ltr'>„ihil</span> <span class='ocrx_word' id='word_1_278' title='bbox 2628 3426 2720 3473; x_wconf 60' lang='lat' dir='ltr'>est</span> <span class='ocrx_word' id='word_1_279' title='bbox 2745 3419 2937 3474; x_wconf 59' lang='lat' dir='ltr'>visam</span> <span class='ocrx_word' id='word_1_280' title='bbox 2966 3419 3112 3474; x_wconf 60' lang='lat' dir='ltr'>„ciri</span> <span class='ocrx_word' id='word_1_281' title='bbox 3140 3383 3349 3492; x_wconf 56' lang='lat' dir='ltr'>po’sse:</span> <span class='ocrx_word' id='word_1_282' title='bbox 3392 3416 3520 3473; x_wconf 68' lang='lat' dir='ltr'>Ex-</span> 
     </span>
    </p>
   </div>
   <div class='ocr_carea' id='block_1_3' title="bbox 847 3474 3520 3566">
    <p class='ocr_par' dir='ltr' id='par_1_18' title="bbox 847 3474 3520 3566">
     <span class='ocr_line' id='line_1_37' title="bbox 847 3474 3520 3566; baseline -0.002 -15"><span class='ocrx_word' id='word_1_283' title='bbox 847 3475 1072 3551; x_wconf 60' lang='lat' dir='ltr'>⁰PPid⁰</span> <span class='ocrx_word' id='word_1_284' title='bbox 1101 3474 1552 3532; x_wconf 57' lang='lat' dir='ltr'>dedicaverunt·</span> <span class='ocrx_word' id='word_1_285' title='bbox 1598 3475 2181 3561; x_wconf 14' lang='lat' dir='ltr'>proArchias,19.x</span> <span class='ocrx_word' id='word_1_286' title='bbox 2213 3493 2373 3566; x_wconf 86' lang='lat' dir='ltr'>cepit</span> <span class='ocrx_word' id='word_1_287' title='bbox 2422 3510 2608 3548; x_wconf 87' lang='lat' dir='ltr'>uuum</span> <span class='ocrx_word' id='word_1_288' title='bbox 2662 3503 2931 3558; x_wconf 86' lang='lat' dir='ltr'>tantum,</span> <span class='ocrx_word' id='word_1_289' title='bbox 2988 3498 3133 3545; x_wconf 75' lang='lat' dir='ltr'>scire</span> <span class='ocrx_word' id='word_1_290' title='bbox 3175 3512 3234 3545; x_wconf 79' lang='lat' dir='ltr'>se</span> <span class='ocrx_word' id='word_1_291' title='bbox 3277 3492 3421 3545; x_wconf 66' lang='lat' dir='ltr'>nihil</span> <span class='ocrx_word' id='word_1_292' title='bbox 3458 3511 3520 3545; x_wconf 74' lang='lat' dir='ltr'>se</span> 
     </span>
    </p>
   </div>
   <div class='ocr_carea' id='block_1_4' title="bbox 720 3565 3528 5309">
    <p class='ocr_par' dir='ltr' id='par_1_19' title="bbox 720 3565 3527 5078">
     <span class='ocr_line' id='line_1_38' title="bbox 923 3565 3521 3644; baseline 0 -19"><span class='ocrx_word' id='word_1_293' title='bbox 923 3568 1237 3625; x_wconf 63' lang='lat' dir='ltr'>Sociis-rus</span> <span class='ocrx_word' id='word_1_294' title='bbox 1335 3586 1514 3624; x_wconf 88' lang='lat' dir='ltr'>arens</span> <span class='ocrx_word' id='word_1_295' title='bbox 1566 3567 1976 3644; x_wconf 87' lang='lat' dir='ltr'>philosophiae</span> <span class='ocrx_word' id='word_1_296' title='bbox 2023 3569 2179 3624; x_wconf 88' lang='lat' dir='ltr'>iure</span> <span class='ocrx_word' id='word_1_297' title='bbox 2210 3575 2373 3621; x_wconf 78' lang='lat' dir='ltr'>scire.</span> <span class='ocrx_word' id='word_1_298' title='bbox 2426 3565 2618 3624; x_wconf 79' lang='lat' dir='ltr'>Acad.</span> <span class='ocrx_word' id='word_1_299' title='bbox 2651 3575 2707 3634; x_wconf 87' lang='grc'>2,</span> <span class='ocrx_word' id='word_1_300' title='bbox 2736 3573 2830 3635; x_wconf 81' lang='lat'>23,</span> <span class='ocrx_word' id='word_1_301' title='bbox 2866 3570 2959 3629; x_wconf 88' lang='grc'><strong>74.</strong></span> <span class='ocrx_word' id='word_1_302' title='bbox 2991 3598 3061 3614; x_wconf 92' lang='lat'>--</span> <span class='ocrx_word' id='word_1_303' title='bbox 3102 3566 3386 3625; x_wconf 88' lang='lat' dir='ltr'>Socrates</span> <span class='ocrx_word' id='word_1_304' title='bbox 3424 3570 3521 3625; x_wconf 88' lang='lat' dir='ltr'>ni-</span> 
     </span>
     <span class='ocr_line' id='line_1_39' title="bbox 846 3588 3516 3730; baseline -0.001 -29"><span class='ocrx_word' id='word_1_305' title='bbox 846 3645 966 3703; x_wconf 89' lang='lat' dir='ltr'>dici</span> <span class='ocrx_word' id='word_1_306' title='bbox 1005 3653 1224 3720; x_wconf 88' lang='lat' dir='ltr'>potest.</span> <span class='ocrx_word' id='word_1_307' title='bbox 1282 3588 1353 3699; x_wconf 60' lang='lat' dir='ltr'>Xe</span> <span class='ocrx_word' id='word_1_308' title='bbox 1386 3643 1432 3699; x_wconf 87' lang='lat' dir='ltr'>F</span> <span class='ocrx_word' id='word_1_309' title='bbox 1439 3645 1562 3699; x_wconf 88' lang='lat' dir='ltr'>inu.</span> <span class='ocrx_word' id='word_1_310' title='bbox 1599 3649 1670 3712; x_wconf 91' lang='grc'>2,</span> <span class='ocrx_word' id='word_1_311' title='bbox 1718 3652 1784 3712; x_wconf 88' lang='grc'>1,</span> <span class='ocrx_word' id='word_1_312' title='bbox 1831 3655 1884 3700; x_wconf 90' lang='grc'>1.</span> <span class='ocrx_word' id='word_1_313' title='bbox 1929 3671 1999 3687; x_wconf 90' lang='lat'>—</span> <span class='ocrx_word' id='word_1_314' title='bbox 2041 3641 2155 3700; x_wconf 85' lang='lat' dir='ltr'>So·</span> <span class='ocrx_word' id='word_1_315' title='bbox 2213 3642 2296 3700; x_wconf 91' lang='lat' dir='ltr'>hil</span> <span class='ocrx_word' id='word_1_316' title='bbox 2324 3660 2526 3699; x_wconf 88' lang='lat' dir='ltr'>rerum</span> <span class='ocrx_word' id='word_1_317' title='bbox 2556 3642 2919 3699; x_wconf 85' lang='lat' dir='ltr'>naturalium</span> <span class='ocrx_word' id='word_1_318' title='bbox 2946 3645 3092 3700; x_wconf 87' lang='lat' dir='ltr'>sciri</span> <span class='ocrx_word' id='word_1_319' title='bbox 3117 3653 3288 3718; x_wconf 84' lang='lat' dir='ltr'>putat</span> <span class='ocrx_word' id='word_1_320' title='bbox 3313 3661 3516 3730; x_wconf 87' lang='lat' dir='ltr'>posse.</span> 
     </span>
     <span class='ocr_line' id='line_1_40' title="bbox 847 3716 3520 3793; baseline -0 -16"><span class='ocrx_word' id='word_1_321' title='bbox 847 3731 1048 3777; x_wconf 88' lang='lat' dir='ltr'>crates</span> <span class='ocrx_word' id='word_1_322' title='bbox 1086 3721 1221 3777; x_wconf 80' lang='lat' dir='ltr'>fons</span> <span class='ocrx_word' id='word_1_323' title='bbox 1261 3731 1319 3775; x_wconf 90' lang='lat' dir='ltr'>et</span> <span class='ocrx_word' id='word_1_324' title='bbox 1358 3730 1536 3793; x_wconf 88' lang='lat' dir='ltr'>caput</span> <span class='ocrx_word' id='word_1_325' title='bbox 1578 3718 2012 3793; x_wconf 71' lang='lat' dir='ltr'>philosophiae.</span> <span class='ocrx_word' id='word_1_326' title='bbox 2085 3716 2155 3773; x_wconf 89' lang='lat' dir='ltr'>de</span> <span class='ocrx_word' id='word_1_327' title='bbox 2214 3717 2401 3774; x_wconf 88' lang='lat' dir='ltr'>Acad.</span> <span class='ocrx_word' id='word_1_328' title='bbox 2442 3723 2499 3786; x_wconf 87' lang='grc'>2,</span> <span class='ocrx_word' id='word_1_329' title='bbox 2530 3725 2623 3784; x_wconf 77' lang='grc'>59,</span> <span class='ocrx_word' id='word_1_330' title='bbox 2657 3725 2786 3779; x_wconf 81' lang='grc'><strong>125.</strong></span> <span class='ocrx_word' id='word_1_331' title='bbox 2835 3750 2898 3761; x_wconf 94' lang='grc'>-</span> <span class='ocrx_word' id='word_1_332' title='bbox 2944 3718 3089 3776; x_wconf 88' lang='lat' dir='ltr'>Eius</span> <span class='ocrx_word' id='word_1_333' title='bbox 3132 3719 3405 3788; x_wconf 83' lang='lat' dir='ltr'>doctrina</span> <span class='ocrx_word' id='word_1_334' title='bbox 3448 3717 3520 3776; x_wconf 89' lang='lat' dir='ltr'>dc</span> 
     </span>
     <span class='ocr_line' id='line_1_41' title="bbox 848 3792 3522 3868; baseline -0 -16"><span class='ocrx_word' id='word_1_335' title='bbox 848 3795 960 3852; x_wconf 89' lang='lat' dir='ltr'>Or.</span> <span class='ocrx_word' id='word_1_336' title='bbox 1008 3805 1077 3861; x_wconf 86' lang='lat'>1,</span> <span class='ocrx_word' id='word_1_337' title='bbox 1122 3805 1225 3860; x_wconf 88' lang='grc'>10,</span> <span class='ocrx_word' id='word_1_338' title='bbox 1270 3798 1367 3854; x_wconf 78' lang='lat'>43.</span> <span class='ocrx_word' id='word_1_339' title='bbox 1416 3825 1478 3837; x_wconf 91' lang='lat'>—</span> <span class='ocrx_word' id='word_1_340' title='bbox 1531 3793 1816 3851; x_wconf 88' lang='lat' dir='ltr'>Socrates</span> <span class='ocrx_word' id='word_1_341' title='bbox 1857 3792 2156 3868; x_wconf 87' lang='lat' dir='ltr'>Apollinis</span> <span class='ocrx_word' id='word_1_342' title='bbox 2215 3795 2659 3850; x_wconf 87' lang='lat' dir='ltr'>immortalitate</span> <span class='ocrx_word' id='word_1_343' title='bbox 2717 3795 3088 3850; x_wconf 77' lang='lat' dir='ltr'>animorumt</span> <span class='ocrx_word' id='word_1_344' title='bbox 3150 3794 3343 3865; x_wconf 85' lang='lat' dir='ltr'>„Non</span> <span class='ocrx_word' id='word_1_345' title='bbox 3397 3805 3522 3851; x_wconf 87' lang='lat' dir='ltr'>tum</span> 
     </span>
     <span class='ocr_line' id='line_1_42' title="bbox 845 3868 3523 3946; baseline -0 -18"><span class='ocrx_word' id='word_1_346' title='bbox 845 3870 1069 3929; x_wconf 87' lang='lat' dir='ltr'>iudicio</span> <span class='ocrx_word' id='word_1_347' title='bbox 1096 3871 1574 3944; x_wconf 85' lang='lat' dir='ltr'>sapientissimus</span> <span class='ocrx_word' id='word_1_348' title='bbox 1596 3869 1913 3926; x_wconf 87' lang='lat' dir='ltr'>iudicatus.</span> <span class='ocrx_word' id='word_1_349' title='bbox 1970 3869 2155 3926; x_wconf 86' lang='lat' dir='ltr'>Acad.</span> <span class='ocrx_word' id='word_1_350' title='bbox 2215 3870 2326 3925; x_wconf 91' lang='lat' dir='ltr'>hoc</span> <span class='ocrx_word' id='word_1_351' title='bbox 2348 3880 2472 3925; x_wconf 90' lang='lat' dir='ltr'>tum</span> <span class='ocrx_word' id='word_1_352' title='bbox 2496 3869 2662 3936; x_wconf 89' lang='lat' dir='ltr'>illud,</span> <span class='ocrx_word' id='word_1_353' title='bbox 2693 3880 2759 3926; x_wconf 90' lang='lat' dir='ltr'>ut</span> <span class='ocrx_word' id='word_1_354' title='bbox 2784 3872 2846 3925; x_wconf 88' lang='lat' dir='ltr'>in</span> <span class='ocrx_word' id='word_1_355' title='bbox 2874 3868 3199 3946; x_wconf 87' lang='lat' dir='ltr'>plerisque,</span> <span class='ocrx_word' id='word_1_356' title='bbox 3230 3870 3337 3927; x_wconf 89' lang='lat' dir='ltr'>sed</span> <span class='ocrx_word' id='word_1_357' title='bbox 3365 3870 3523 3928; x_wconf 89' lang='lat' dir='ltr'>idem</span> 
     </span>
     <span class='ocr_line' id='line_1_43' title="bbox 848 3943 3520 4020; baseline -0.001 -16"><span class='ocrx_word' id='word_1_358' title='bbox 848 3959 906 4012; x_wconf 87' lang='grc'>1,</span> <span class='ocrx_word' id='word_1_359' title='bbox 932 3951 989 4012; x_wconf 88' lang='grc'>4,</span> <span class='ocrx_word' id='word_1_360' title='bbox 1015 3950 1104 4005; x_wconf 87' lang='grc'>16.</span> <span class='ocrx_word' id='word_1_361' title='bbox 1147 3946 1313 4001; x_wconf 88' lang='lat' dir='ltr'>Lael.</span> <span class='ocrx_word' id='word_1_362' title='bbox 1337 3951 1395 4011; x_wconf 89' lang='grc'><strong>2,</strong></span> <span class='ocrx_word' id='word_1_363' title='bbox 1423 3955 1476 4006; x_wconf 94' lang='grc'><strong>7.</strong></span> <span class='ocrx_word' id='word_1_364' title='bbox 1503 3975 1563 3985; x_wconf 94' lang='grc'><strong>-</strong></span> <span class='ocrx_word' id='word_1_365' title='bbox 1586 3944 1871 4002; x_wconf 88' lang='lat' dir='ltr'>Socrates</span> <span class='ocrx_word' id='word_1_366' title='bbox 1893 3946 2156 4000; x_wconf 88' lang='lat' dir='ltr'>omnium</span> <span class='ocrx_word' id='word_1_367' title='bbox 2216 3943 2455 4002; x_wconf 86' lang='lat' dir='ltr'>dicebat</span> <span class='ocrx_word' id='word_1_368' title='bbox 2496 3963 2753 4020; x_wconf 86' lang='lat' dir='ltr'>semper,</span> <span class='ocrx_word' id='word_1_369' title='bbox 2796 3946 3029 4001; x_wconf 89' lang='lat' dir='ltr'>animos</span> <span class='ocrx_word' id='word_1_370' title='bbox 3056 3946 3361 4004; x_wconf 87' lang='lat' dir='ltr'>homiuum</span> <span class='ocrx_word' id='word_1_371' title='bbox 3388 3963 3520 4002; x_wconf 88' lang='lat' dir='ltr'>esse</span> 
     </span>
     <span class='ocr_line' id='line_1_44' title="bbox 720 4019 3524 4096; baseline -0.001 -17"><span class='ocrx_word' id='word_1_372' title='bbox 720 4034 733 4039; x_wconf 86' lang='grc'><em>·</em></span> <span class='ocrx_word' id='word_1_373' title='bbox 848 4022 1328 4095; x_wconf 89' lang='lat' dir='ltr'>sapientissimus</span> <span class='ocrx_word' id='word_1_374' title='bbox 1375 4022 1621 4077; x_wconf 85' lang='lat' dir='ltr'>oraculo</span> <span class='ocrx_word' id='word_1_375' title='bbox 1664 4021 1963 4096; x_wconf 89' lang='lat' dir='ltr'>Apollinis</span> <span class='ocrx_word' id='word_1_376' title='bbox 2003 4019 2156 4076; x_wconf 88' lang='lat' dir='ltr'>iudi·</span> <span class='ocrx_word' id='word_1_377' title='bbox 2217 4020 2453 4077; x_wconf 86' lang='lat' dir='ltr'>divinos</span> <span class='ocrx_word' id='word_1_378' title='bbox 2493 4021 2566 4076; x_wconf 85' lang='lat' dir='ltr'>iis</span> <span class='ocrx_word' id='word_1_379' title='bbox 2613 4038 2720 4087; x_wconf 89' lang='lat' dir='ltr'>ue,</span> <span class='ocrx_word' id='word_1_380' title='bbox 2765 4040 2902 4077; x_wconf 90' lang='lat' dir='ltr'>cum</span> <span class='ocrx_word' id='word_1_381' title='bbox 2941 4039 2973 4076; x_wconf 92' lang='lat' dir='ltr'>e</span> <span class='ocrx_word' id='word_1_382' title='bbox 3013 4039 3272 4096; x_wconf 87' lang='lat' dir='ltr'>corpore</span> <span class='ocrx_word' id='word_1_383' title='bbox 3312 4039 3524 4077; x_wconf 88' lang='lat' dir='ltr'>exces-</span> 
     </span>
     <span class='ocr_line' id='line_1_45' title="bbox 847 4094 3524 4171; baseline -0.001 -17"><span class='ocrx_word' id='word_1_384' title='bbox 847 4108 1039 4154; x_wconf 88' lang='lat' dir='ltr'>catus.</span> <span class='ocrx_word' id='word_1_385' title='bbox 1099 4095 1247 4152; x_wconf 91' lang='lat' dir='ltr'>Cato</span> <span class='ocrx_word' id='word_1_386' title='bbox 1291 4104 1395 4164; x_wconf 82' lang='grc'>21,</span> <span class='ocrx_word' id='word_1_387' title='bbox 1441 4105 1533 4157; x_wconf 89' lang='grc'><strong>78.</strong></span> <span class='ocrx_word' id='word_1_388' title='bbox 1602 4096 1889 4154; x_wconf 62' lang='lat' dir='ltr'>Boethius</span> <span class='ocrx_word' id='word_1_389' title='bbox 1930 4097 2001 4153; x_wconf 90' lang='lat' dir='ltr'>de</span> <span class='ocrx_word' id='word_1_390' title='bbox 2042 4094 2158 4152; x_wconf 90' lang='lat' dir='ltr'>diis</span> <span class='ocrx_word' id='word_1_391' title='bbox 2217 4098 2456 4162; x_wconf 85' lang='lat' dir='ltr'>sissent,</span> <span class='ocrx_word' id='word_1_392' title='bbox 2500 4114 2566 4152; x_wconf 90' lang='lat' dir='ltr'>re</span> <span class='ocrx_word' id='word_1_393' title='bbox 2614 4099 2756 4152; x_wconf 89' lang='lat' dir='ltr'>itum</span> <span class='ocrx_word' id='word_1_394' title='bbox 2787 4099 2846 4153; x_wconf 91' lang='lat' dir='ltr'>in</span> <span class='ocrx_word' id='word_1_395' title='bbox 2876 4096 3103 4153; x_wconf 90' lang='lat' dir='ltr'>caelum</span> <span class='ocrx_word' id='word_1_396' title='bbox 3130 4106 3335 4171; x_wconf 87' lang='lat' dir='ltr'>patere</span> <span class='ocrx_word' id='word_1_397' title='bbox 3364 4094 3524 4170; x_wconf 87' lang='lat' dir='ltr'>opti-</span> 
     </span>
     <span class='ocr_line' id='line_1_46' title="bbox 849 4169 3520 4250; baseline -0 -24"><span class='ocrx_word' id='word_1_398' title='bbox 849 4192 914 4248; x_wconf 88' lang='lat' dir='ltr'>p.</span> <span class='ocrx_word' id='word_1_399' title='bbox 959 4175 1089 4232; x_wconf 74' lang='lat'>59&#39;4.</span> <span class='ocrx_word' id='word_1_400' title='bbox 1132 4201 1202 4214; x_wconf 89' lang='lat'>—</span> <span class='ocrx_word' id='word_1_401' title='bbox 1245 4170 1562 4238; x_wconf 88' lang='lat' dir='ltr'>Socrates,</span> <span class='ocrx_word' id='word_1_402' title='bbox 1625 4174 1684 4229; x_wconf 91' lang='lat' dir='ltr'>id</span> <span class='ocrx_word' id='word_1_403' title='bbox 1767 4170 1884 4229; x_wconf 89' lang='lat' dir='ltr'>uod</span> <span class='ocrx_word' id='word_1_404' title='bbox 1924 4181 2159 4228; x_wconf 86' lang='lat' dir='ltr'>constat</span> <span class='ocrx_word' id='word_1_405' title='bbox 2218 4189 2429 4247; x_wconf 87' lang='lat' dir='ltr'>moque</span> <span class='ocrx_word' id='word_1_406' title='bbox 2471 4182 2528 4226; x_wconf 87' lang='lat' dir='ltr'>et</span> <span class='ocrx_word' id='word_1_407' title='bbox 2567 4173 2897 4229; x_wconf 85' lang='lat' dir='ltr'>iustissimo</span> <span class='ocrx_word' id='word_1_408' title='bbox 2940 4173 3152 4250; x_wconf 87' lang='lat' dir='ltr'>cuique</span> <span class='ocrx_word' id='word_1_409' title='bbox 3193 4169 3520 4247; x_wconf 88' lang='lat' dir='ltr'>expeditis-</span> 
     </span>
     <span class='ocr_line' id='line_1_47' title="bbox 854 4244 3522 4321; baseline -0.001 -17"><span class='ocrx_word' id='word_1_410' title='bbox 854 4249 1014 4305; x_wconf 88' lang='lat' dir='ltr'>iuter</span> <span class='ocrx_word' id='word_1_411' title='bbox 1053 4264 1295 4313; x_wconf 90' lang='lat' dir='ltr'>omnes,</span> <span class='ocrx_word' id='word_1_412' title='bbox 1341 4249 1571 4321; x_wconf 89' lang='lat' dir='ltr'>primus</span> <span class='ocrx_word' id='word_1_413' title='bbox 1612 4266 1646 4302; x_wconf 91' lang='lat' dir='ltr'>a</span> <span class='ocrx_word' id='word_1_414' title='bbox 1685 4267 1750 4304; x_wconf 88' lang='lat' dir='ltr'>rc</span> <span class='ocrx_word' id='word_1_415' title='bbox 1798 4265 1866 4303; x_wconf 87' lang='lat' dir='ltr'>us</span> <span class='ocrx_word' id='word_1_416' title='bbox 1905 4246 2157 4303; x_wconf 88' lang='lat' dir='ltr'>occultis</span> <span class='ocrx_word' id='word_1_417' title='bbox 2217 4249 2499 4302; x_wconf 81' lang='lat' dir='ltr'>simum.“</span> <span class='ocrx_word' id='word_1_418' title='bbox 2569 4246 2735 4302; x_wconf 89' lang='lat' dir='ltr'>Lael.</span> <span class='ocrx_word' id='word_1_419' title='bbox 2775 4253 2843 4315; x_wconf 88' lang='grc'><strong>4,</strong></span> <span class='ocrx_word' id='word_1_420' title='bbox 2890 4254 2980 4308; x_wconf 75' lang='grc'>15.</span> <span class='ocrx_word' id='word_1_421' title='bbox 3023 4277 3100 4293; x_wconf 88' lang='grc'>-</span> <span class='ocrx_word' id='word_1_422' title='bbox 3137 4244 3422 4304; x_wconf 89' lang='lat' dir='ltr'>Socrates</span> <span class='ocrx_word' id='word_1_423' title='bbox 3464 4255 3522 4301; x_wconf 88' lang='lat' dir='ltr'>et</span> 
     </span>
     <span class='ocr_line' id='line_1_48' title="bbox 852 4318 3524 4399; baseline -0.001 -20"><span class='ocrx_word' id='word_1_424' title='bbox 852 4333 914 4379; x_wconf 90' lang='lat' dir='ltr'>et</span> <span class='ocrx_word' id='word_1_425' title='bbox 954 4320 1029 4379; x_wconf 89' lang='lat' dir='ltr'>ab</span> <span class='ocrx_word' id='word_1_426' title='bbox 1072 4325 1199 4397; x_wconf 85' lang='lat' dir='ltr'>ipsa</span> <span class='ocrx_word' id='word_1_427' title='bbox 1243 4332 1454 4379; x_wconf 88' lang='lat' dir='ltr'>natura</span> <span class='ocrx_word' id='word_1_428' title='bbox 1495 4324 1803 4389; x_wconf 85' lang='lat' dir='ltr'>involutis,</span> <span class='ocrx_word' id='word_1_429' title='bbox 1850 4325 1909 4378; x_wconf 91' lang='lat' dir='ltr'>in</span> <span class='ocrx_word' id='word_1_430' title='bbox 1941 4321 2155 4398; x_wconf 90' lang='lat' dir='ltr'>quibus</span> <span class='ocrx_word' id='word_1_431' title='bbox 2219 4320 2516 4378; x_wconf 88' lang='lat' dir='ltr'>Socratici</span> <span class='ocrx_word' id='word_1_432' title='bbox 2568 4340 2755 4393; x_wconf 77' lang='lat' dir='ltr'>genus</span> <span class='ocrx_word' id='word_1_433' title='bbox 2807 4321 3299 4399; x_wconf 85' lang='lat' dir='ltr'>argumentandi,</span> <span class='ocrx_word' id='word_1_434' title='bbox 3362 4318 3524 4395; x_wconf 90' lang='lat' dir='ltr'>quod</span> 
     </span>
     <span class='ocr_line' id='line_1_49' title="bbox 853 4396 3523 4473; baseline -0.002 -18"><span class='ocrx_word' id='word_1_435' title='bbox 853 4416 1064 4455; x_wconf 89' lang='lat' dir='ltr'>omues</span> <span class='ocrx_word' id='word_1_436' title='bbox 1117 4409 1252 4454; x_wconf 91' lang='lat' dir='ltr'>ante</span> <span class='ocrx_word' id='word_1_437' title='bbox 1306 4417 1437 4454; x_wconf 91' lang='lat' dir='ltr'>eum</span> <span class='ocrx_word' id='word_1_438' title='bbox 1493 4399 1829 4473; x_wconf 87' lang='lat' dir='ltr'>philosophi</span> <span class='ocrx_word' id='word_1_439' title='bbox 1880 4396 2159 4471; x_wconf 90' lang='lat' dir='ltr'>occupati</span> <span class='ocrx_word' id='word_1_440' title='bbox 2219 4413 2326 4470; x_wconf 82' lang='lat' dir='ltr'>per</span> <span class='ocrx_word' id='word_1_441' title='bbox 2362 4397 2766 4453; x_wconf 89' lang='lat' dir='ltr'>inductionem</span> <span class='ocrx_word' id='word_1_442' title='bbox 2794 4400 3071 4464; x_wconf 88' lang='lat' dir='ltr'>sumitur,</span> <span class='ocrx_word' id='word_1_443' title='bbox 3113 4398 3365 4453; x_wconf 85' lang='lat' dir='ltr'>maxime</span> <span class='ocrx_word' id='word_1_444' title='bbox 3394 4406 3523 4451; x_wconf 82' lang='lat' dir='ltr'>tra-</span> 
     </span>
     <span class='ocr_line' id='line_1_50' title="bbox 852 4471 3527 4549; baseline -0.001 -19"><span class='ocrx_word' id='word_1_445' title='bbox 852 4476 1134 4539; x_wconf 80' lang='lat' dir='ltr'>fuerunt,</span> <span class='ocrx_word' id='word_1_446' title='bbox 1194 4477 1473 4530; x_wconf 84' lang='lat' dir='ltr'>avocavit</span> <span class='ocrx_word' id='word_1_447' title='bbox 1511 4475 1948 4549; x_wconf 87' lang='lat' dir='ltr'>philosophiam</span> <span class='ocrx_word' id='word_1_448' title='bbox 1988 4484 2047 4528; x_wconf 90' lang='lat' dir='ltr'>et</span> <span class='ocrx_word' id='word_1_449' title='bbox 2086 4471 2159 4527; x_wconf 90' lang='lat' dir='ltr'>ad</span> <span class='ocrx_word' id='word_1_450' title='bbox 2219 4481 2479 4528; x_wconf 89' lang='lat' dir='ltr'>ctarunt.</span> <span class='ocrx_word' id='word_1_451' title='bbox 2524 4471 2596 4527; x_wconf 90' lang='lat' dir='ltr'>de</span> <span class='ocrx_word' id='word_1_452' title='bbox 2618 4471 2749 4528; x_wconf 88' lang='lat' dir='ltr'>Inv.</span> <span class='ocrx_word' id='word_1_453' title='bbox 2785 4482 2838 4540; x_wconf 89' lang='grc'>1,</span> <span class='ocrx_word' id='word_1_454' title='bbox 2864 4479 2957 4540; x_wconf 81' lang='lat'>35.</span> <span class='ocrx_word' id='word_1_455' title='bbox 2975 4478 3068 4533; x_wconf 84' lang='lat'>61.</span> <span class='ocrx_word' id='word_1_456' title='bbox 3095 4474 3527 4549; x_wconf 71' lang='grc' dir='ltr'><strong>-Ἑπαγωγῇ,</strong></span> 
     </span>
     <span class='ocr_line' id='line_1_51' title="bbox 853 4546 3526 4621; baseline -0.001 -15"><span class='ocrx_word' id='word_1_457' title='bbox 853 4552 1039 4606; x_wconf 84' lang='lat' dir='ltr'>vitam</span> <span class='ocrx_word' id='word_1_458' title='bbox 1094 4566 1470 4609; x_wconf 86' lang='lat' dir='ltr'>communem</span> <span class='ocrx_word' id='word_1_459' title='bbox 1522 4551 1788 4606; x_wconf 86' lang='lat' dir='ltr'>adduxit.</span> <span class='ocrx_word' id='word_1_460' title='bbox 1863 4548 2053 4605; x_wconf 90' lang='lat' dir='ltr'>Acad.</span> <span class='ocrx_word' id='word_1_461' title='bbox 2099 4556 2156 4612; x_wconf 85' lang='lat'>1,</span> <span class='ocrx_word' id='word_1_462' title='bbox 2220 4546 2586 4615; x_wconf 84' lang='lat' dir='ltr'>inductione,</span> <span class='ocrx_word' id='word_1_463' title='bbox 2627 4547 2952 4621; x_wconf 86' lang='lat' dir='ltr'>plurimum</span> <span class='ocrx_word' id='word_1_464' title='bbox 2994 4556 3087 4605; x_wconf 91' lang='lat' dir='ltr'>est</span> <span class='ocrx_word' id='word_1_465' title='bbox 3111 4565 3255 4603; x_wconf 90' lang='lat' dir='ltr'>usus</span> <span class='ocrx_word' id='word_1_466' title='bbox 3291 4548 3350 4602; x_wconf 92' lang='lat' dir='ltr'>in</span> <span class='ocrx_word' id='word_1_467' title='bbox 3392 4563 3526 4602; x_wconf 87' lang='lat' dir='ltr'>ser-</span> 
     </span>
     <span class='ocr_line' id='line_1_52' title="bbox 851 4619 3525 4701; baseline -0.004 -16"><span class='ocrx_word' id='word_1_468' title='bbox 851 4629 928 4692; x_wconf 76' lang='lat'>4,</span> <span class='ocrx_word' id='word_1_469' title='bbox 997 4629 1091 4684; x_wconf 89' lang='grc'>15.</span> <span class='ocrx_word' id='word_1_470' title='bbox 1165 4655 1228 4666; x_wconf 94' lang='grc'>-</span> <span class='ocrx_word' id='word_1_471' title='bbox 1311 4623 1407 4681; x_wconf 90' lang='lat' dir='ltr'>Ab</span> <span class='ocrx_word' id='word_1_472' title='bbox 1473 4628 1714 4701; x_wconf 87' lang='lat' dir='ltr'>antiqua</span> <span class='ocrx_word' id='word_1_473' title='bbox 1787 4623 2159 4699; x_wconf 90' lang='lat' dir='ltr'>philosophia</span> <span class='ocrx_word' id='word_1_474' title='bbox 2218 4619 2506 4677; x_wconf 86' lang='lat' dir='ltr'>monibus‘</span> <span class='ocrx_word' id='word_1_475' title='bbox 2534 4620 2839 4680; x_wconf 88' lang='lat' dir='ltr'>Socrates.</span> <span class='ocrx_word' id='word_1_476' title='bbox 2909 4623 3127 4696; x_wconf 86' lang='lat' dir='ltr'>Topic.</span> <span class='ocrx_word' id='word_1_477' title='bbox 3172 4629 3267 4686; x_wconf 87' lang='grc'>10,</span> <span class='ocrx_word' id='word_1_478' title='bbox 3310 4626 3406 4679; x_wconf 84' lang='grc'>42.</span> <span class='ocrx_word' id='word_1_479' title='bbox 3449 4650 3525 4665; x_wconf 93' lang='lat'><em>-</em></span> 
     </span>
     <span class='ocr_line' id='line_1_53' title="bbox 853 4695 3523 4777; baseline -0.001 -21"><span class='ocrx_word' id='word_1_480' title='bbox 853 4719 1042 4777; x_wconf 88' lang='lat' dir='ltr'>usque</span> <span class='ocrx_word' id='word_1_481' title='bbox 1095 4701 1170 4758; x_wconf 88' lang='lat' dir='ltr'>ad</span> <span class='ocrx_word' id='word_1_482' title='bbox 1224 4700 1572 4767; x_wconf 86' lang='lat' dir='ltr'>Socratem,</span> <span class='ocrx_word' id='word_1_483' title='bbox 1633 4703 1735 4775; x_wconf 90' lang='lat' dir='ltr'>qui</span> <span class='ocrx_word' id='word_1_484' title='bbox 1773 4698 2157 4765; x_wconf 88' lang='lat' dir='ltr'>Archelaum,</span> <span class='ocrx_word' id='word_1_485' title='bbox 2219 4695 2351 4752; x_wconf 74' lang='lat'>1100</span> <span class='ocrx_word' id='word_1_486' title='bbox 2414 4714 2448 4750; x_wconf 91' lang='lat' dir='ltr'>a</span> <span class='ocrx_word' id='word_1_487' title='bbox 2508 4695 2759 4753; x_wconf 86' lang='lat' dir='ltr'>Socrate</span> <span class='ocrx_word' id='word_1_488' title='bbox 2827 4708 3135 4772; x_wconf 87' lang='lat' dir='ltr'>acceptum</span> <span class='ocrx_word' id='word_1_489' title='bbox 3204 4695 3523 4768; x_wconf 73' lang='lat' dir='ltr'>diligenter</span> 
     </span>
     <span class='ocr_line' id='line_1_54' title="bbox 852 4770 3523 4851; baseline -0.002 -18"><span class='ocrx_word' id='word_1_490' title='bbox 852 4778 1256 4851; x_wconf 80' lang='lat' dir='ltr'>Anaxagorae</span> <span class='ocrx_word' id='word_1_491' title='bbox 1348 4771 1703 4849; x_wconf 83' lang='lat' dir='ltr'>discipulum</span> <span class='ocrx_word' id='word_1_492' title='bbox 1734 4816 1751 4842; x_wconf 93' lang='lat'>,</span> <span class='ocrx_word' id='word_1_493' title='bbox 1847 4772 2158 4838; x_wconf 86' lang='lat' dir='ltr'>audierat,</span> <span class='ocrx_word' id='word_1_494' title='bbox 2221 4770 2410 4829; x_wconf 89' lang='lat' dir='ltr'>Stoici</span> <span class='ocrx_word' id='word_1_495' title='bbox 2449 4775 2858 4836; x_wconf 83' lang='lat' dir='ltr'>retinuerunt,</span> <span class='ocrx_word' id='word_1_496' title='bbox 2910 4791 3117 4829; x_wconf 90' lang='lat' dir='ltr'>omnes</span> <span class='ocrx_word' id='word_1_497' title='bbox 3169 4773 3523 4847; x_wconf 83' lang='lat' dir='ltr'>insipientes</span> 
     </span>
     <span class='ocr_line' id='line_1_55' title="bbox 853 4847 3523 4925; baseline -0.002 -17"><span class='ocrx_word' id='word_1_498' title='bbox 853 4856 1095 4909; x_wconf 83' lang='lat' dir='ltr'>numeri</span> <span class='ocrx_word' id='word_1_499' title='bbox 1189 4861 1503 4925; x_wconf 88' lang='lat' dir='ltr'>motusque</span> <span class='ocrx_word' id='word_1_500' title='bbox 1593 4847 2012 4906; x_wconf 86' lang='lat' dir='ltr'>tractabantur</span> <span class='ocrx_word' id='word_1_501' title='bbox 2105 4857 2165 4904; x_wconf 87' lang='lat' dir='ltr'>et</span> <span class='ocrx_word' id='word_1_502' title='bbox 2219 4866 2350 4904; x_wconf 87' lang='lat' dir='ltr'>esse</span> <span class='ocrx_word' id='word_1_503' title='bbox 2393 4866 2512 4904; x_wconf 90' lang='lat' dir='ltr'>non</span> <span class='ocrx_word' id='word_1_504' title='bbox 2551 4865 2753 4905; x_wconf 91' lang='lat' dir='ltr'>sanos.</span> <span class='ocrx_word' id='word_1_505' title='bbox 2823 4847 3072 4905; x_wconf 86' lang='lat' dir='ltr'>Tuscul.</span> <span class='ocrx_word' id='word_1_506' title='bbox 3114 4852 3171 4912; x_wconf 78' lang='lat'>5.</span> <span class='ocrx_word' id='word_1_507' title='bbox 3213 4854 3267 4915; x_wconf 90' lang='grc'>5,</span> <span class='ocrx_word' id='word_1_508' title='bbox 3311 4857 3404 4906; x_wconf 90' lang='grc'>10.</span> <span class='ocrx_word' id='word_1_509' title='bbox 3448 4875 3523 4891; x_wconf 91' lang='lat'>-</span> 
     </span>
     <span class='ocr_line' id='line_1_56' title="bbox 854 4921 3525 5001; baseline -0.001 -17"><span class='ocrx_word' id='word_1_510' title='bbox 854 4929 1016 4984; x_wconf 89' lang='lat' dir='ltr'>unde</span> <span class='ocrx_word' id='word_1_511' title='bbox 1070 4931 1269 4984; x_wconf 89' lang='lat' dir='ltr'>omnia</span> <span class='ocrx_word' id='word_1_512' title='bbox 1325 4928 1630 4984; x_wconf 85' lang='lat' dir='ltr'>orirentur</span> <span class='ocrx_word' id='word_1_513' title='bbox 1683 4943 1876 5001; x_wconf 83' lang='lat' dir='ltr'>quove</span> <span class='ocrx_word' id='word_1_514' title='bbox 1929 4922 2164 4980; x_wconf 89' lang='lat' dir='ltr'>recide·</span> <span class='ocrx_word' id='word_1_515' title='bbox 2220 4923 2365 4980; x_wconf 85' lang='lat' dir='ltr'>Eius</span> <span class='ocrx_word' id='word_1_516' title='bbox 2407 4925 2702 4981; x_wconf 87' lang='lat' dir='ltr'>somnium</span> <span class='ocrx_word' id='word_1_517' title='bbox 2742 4923 2898 5000; x_wconf 86' lang='lat' dir='ltr'>apud</span> <span class='ocrx_word' id='word_1_518' title='bbox 2937 4921 3248 4980; x_wconf 85' lang='lat' dir='ltr'>Platonem</span> <span class='ocrx_word' id='word_1_519' title='bbox 3288 4926 3349 4980; x_wconf 87' lang='lat' dir='ltr'>in</span> <span class='ocrx_word' id='word_1_520' title='bbox 3385 4922 3525 4989; x_wconf 80' lang='lat' dir='ltr'>Cri-</span> 
     </span>
     <span class='ocr_line' id='line_1_57' title="bbox 853 4998 3523 5078; baseline -0.001 -18"><span class='ocrx_word' id='word_1_521' title='bbox 853 5015 1027 5070; x_wconf 83' lang='lat' dir='ltr'>rent3</span> <span class='ocrx_word' id='word_1_522' title='bbox 1073 5004 1455 5078; x_wconf 83' lang='lat' dir='ltr'>studioseque</span> <span class='ocrx_word' id='word_1_523' title='bbox 1496 4999 1570 5057; x_wconf 89' lang='lat' dir='ltr'>ab</span> <span class='ocrx_word' id='word_1_524' title='bbox 1612 5001 1686 5057; x_wconf 90' lang='lat' dir='ltr'>iis</span> <span class='ocrx_word' id='word_1_525' title='bbox 1726 4998 1994 5056; x_wconf 89' lang='lat' dir='ltr'>siderum</span> <span class='ocrx_word' id='word_1_526' title='bbox 2033 5017 2165 5055; x_wconf 88' lang='lat' dir='ltr'>ma·</span> <span class='ocrx_word' id='word_1_527' title='bbox 2221 5011 2382 5055; x_wconf 92' lang='lat' dir='ltr'>tone.</span> <span class='ocrx_word' id='word_1_528' title='bbox 2465 5000 2539 5057; x_wconf 80' lang='lat' dir='ltr'>de</span> <span class='ocrx_word' id='word_1_529' title='bbox 2576 4999 2781 5056; x_wconf 88' lang='lat' dir='ltr'>Divin.</span> <span class='ocrx_word' id='word_1_530' title='bbox 2833 5010 2901 5066; x_wconf 93' lang='grc'>1,</span> <span class='ocrx_word' id='word_1_531' title='bbox 2950 5002 3060 5063; x_wconf 82' lang='grc'>25,</span> <span class='ocrx_word' id='word_1_532' title='bbox 3108 5005 3203 5059; x_wconf 78' lang='grc'><strong>55.</strong></span> <span class='ocrx_word' id='word_1_533' title='bbox 3246 5029 3320 5043; x_wconf 92' lang='grc'>--</span> <span class='ocrx_word' id='word_1_534' title='bbox 3372 4998 3523 5057; x_wconf 86' lang='lat' dir='ltr'>Cum</span> 
     </span>
    </p>

    <p class='ocr_par' dir='ltr' id='par_1_20' title="bbox 852 5075 3528 5309">
     <span class='ocr_line' id='line_1_58' title="bbox 901 5075 3524 5152; baseline -0.001 -18"><span class='ocrx_word' id='word_1_535' title='bbox 901 5079 1225 5147; x_wconf 89' lang='lat' dir='ltr'>nitudines,</span> <span class='ocrx_word' id='word_1_536' title='bbox 1259 5077 1598 5144; x_wconf 87' lang='lat' dir='ltr'>intervalla,</span> <span class='ocrx_word' id='word_1_537' title='bbox 1641 5093 1852 5132; x_wconf 89' lang='lat' dir='ltr'>cursus</span> <span class='ocrx_word' id='word_1_538' title='bbox 1880 5079 2163 5152; x_wconf 84' lang='lat' dir='ltr'>anquire-</span> <span class='ocrx_word' id='word_1_539' title='bbox 2221 5078 2490 5151; x_wconf 87' lang='lat' dir='ltr'>paenein</span> <span class='ocrx_word' id='word_1_540' title='bbox 2512 5093 2693 5131; x_wconf 89' lang='lat' dir='ltr'>manu</span> <span class='ocrx_word' id='word_1_541' title='bbox 2717 5077 2833 5131; x_wconf 91' lang='lat' dir='ltr'>iam</span> <span class='ocrx_word' id='word_1_542' title='bbox 2852 5076 3225 5132; x_wconf 80' lang='lat' dir='ltr'>mortiferum</span> <span class='ocrx_word' id='word_1_543' title='bbox 3246 5075 3390 5132; x_wconf 91' lang='lat' dir='ltr'>illud</span> <span class='ocrx_word' id='word_1_544' title='bbox 3412 5093 3524 5150; x_wconf 89' lang='lat' dir='ltr'>po-</span> 
     </span>
     <span class='ocr_line' id='line_1_59' title="bbox 852 5100 3524 5219; baseline -0.001 -7"><span class='ocrx_word' id='word_1_545' title='bbox 852 5100 1078 5212; x_wconf 56' lang='lat' dir='ltr'>fiantur</span> <span class='ocrx_word' id='word_1_546' title='bbox 1135 5166 1194 5212; x_wconf 87' lang='lat' dir='ltr'>et</span> <span class='ocrx_word' id='word_1_547' title='bbox 1245 5165 1461 5212; x_wconf 88' lang='lat' dir='ltr'>cuncta</span> <span class='ocrx_word' id='word_1_548' title='bbox 1501 5154 1802 5211; x_wconf 85' lang='lat' dir='ltr'>caelestia.</span> <span class='ocrx_word' id='word_1_549' title='bbox 1880 5150 2163 5210; x_wconf 90' lang='lat' dir='ltr'>Socrates</span> <span class='ocrx_word' id='word_1_550' title='bbox 2220 5150 2414 5209; x_wconf 90' lang='lat' dir='ltr'>culum</span> <span class='ocrx_word' id='word_1_551' title='bbox 2436 5161 2688 5219; x_wconf 87' lang='lat' dir='ltr'>teneret,</span> <span class='ocrx_word' id='word_1_552' title='bbox 2713 5150 2947 5208; x_wconf 89' lang='lat' dir='ltr'>locutus</span> <span class='ocrx_word' id='word_1_553' title='bbox 2970 5153 3049 5207; x_wconf 80' lang='lat' dir='ltr'>ita</span> <span class='ocrx_word' id='word_1_554' title='bbox 3073 5161 3182 5219; x_wconf 91' lang='lat' dir='ltr'>est,</span> <span class='ocrx_word' id='word_1_555' title='bbox 3214 5162 3419 5210; x_wconf 84' lang='lat' dir='ltr'>utnon</span> <span class='ocrx_word' id='word_1_556' title='bbox 3447 5150 3524 5209; x_wconf 87' lang='lat' dir='ltr'>ad</span> 
     </span>
     <span class='ocr_line' id='line_1_60' title="bbox 855 5225 3528 5309; baseline -0.001 -21"><span class='ocrx_word' id='word_1_557' title='bbox 855 5241 1057 5289; x_wconf 81' lang='lat' dir='ltr'>autem</span> <span class='ocrx_word' id='word_1_558' title='bbox 1099 5233 1328 5308; x_wconf 85' lang='lat' dir='ltr'>primus</span> <span class='ocrx_word' id='word_1_559' title='bbox 1365 5229 1805 5309; x_wconf 86' lang='lat' dir='ltr'>philosophiam</span> <span class='ocrx_word' id='word_1_560' title='bbox 1849 5227 2191 5287; x_wconf 75' lang='lat' dir='ltr'>devocavit</span> <span class='ocrx_word' id='word_1_561' title='bbox 2219 5238 2475 5287; x_wconf 83' lang='lat' dir='ltr'>mortem</span> <span class='ocrx_word' id='word_1_562' title='bbox 2512 5226 2695 5298; x_wconf 85' lang='lat' dir='ltr'>trudi,</span> <span class='ocrx_word' id='word_1_563' title='bbox 2735 5245 2946 5286; x_wconf 78' lang='lat' dir='ltr'>verum</span> <span class='ocrx_word' id='word_1_564' title='bbox 2987 5228 3049 5285; x_wconf 87' lang='lat' dir='ltr'>in</span> <span class='ocrx_word' id='word_1_565' title='bbox 3088 5227 3319 5287; x_wconf 86' lang='lat' dir='ltr'>caelum</span> <span class='ocrx_word' id='word_1_566' title='bbox 3358 5225 3528 5286; x_wconf 79' lang='lat' dir='ltr'>vide-</span> 
     </span>
    </p>
   </div>
   <div class='ocr_carea' id='block_1_5' title="bbox 2166 974 2190 3428">
    <p class='ocr_par' dir='ltr' id='par_1_21' title="bbox 2166 974 2190 3428">
     <span class='ocr_line' id='line_1_61' title="bbox 2166 974 2190 3428; baseline 0 -1714"><span class='ocrx_word' id='word_1_567' title='bbox 2166 974 2190 3428; x_wconf 95' lang='lat' dir='ltr'>     </span> 
     </span>
    </p>
   </div>
   <div class='ocr_carea' id='block_1_6' title="bbox 841 1378 2171 2513">
    <p class='ocr_par' dir='ltr' id='par_1_22' title="bbox 841 1378 2171 2513">
     <span class='ocr_line' id='line_1_62' title="bbox 843 1378 2148 1456; baseline -0.005 -16"><span class='ocrx_word' id='word_1_568' title='bbox 843 1383 1020 1440; x_wconf 87' lang='lat' dir='ltr'>Catil.</span> <span class='ocrx_word' id='word_1_569' title='bbox 1052 1386 1145 1439; x_wconf 81' lang='lat'>21.</span> <span class='ocrx_word' id='word_1_570' title='bbox 1201 1381 1463 1456; x_wconf 87' lang='lat' dir='ltr'>Appian.</span> <span class='ocrx_word' id='word_1_571' title='bbox 1495 1379 1566 1437; x_wconf 88' lang='lat' dir='ltr'>B.</span> <span class='ocrx_word' id='word_1_572' title='bbox 1601 1379 1670 1436; x_wconf 91' lang='lat' dir='ltr'>C.</span> <span class='ocrx_word' id='word_1_573' title='bbox 1702 1379 1757 1443; x_wconf 79' lang='lat'>4,</span> <span class='ocrx_word' id='word_1_574' title='bbox 1786 1383 1878 1437; x_wconf 86' lang='lat'>55.</span> <span class='ocrx_word' id='word_1_575' title='bbox 1915 1410 1977 1421; x_wconf 94' lang='lat'>—</span> <span class='ocrx_word' id='word_1_576' title='bbox 2023 1378 2148 1436; x_wconf 78' lang='lat' dir='ltr'>cfr.</span> 
     </span>
     <span class='ocr_line' id='line_1_63' title="bbox 845 1453 2147 1534; baseline -0.004 -19"><span class='ocrx_word' id='word_1_577' title='bbox 845 1459 918 1534; x_wconf 84' lang='lat' dir='ltr'>ad</span> <span class='ocrx_word' id='word_1_578' title='bbox 960 1461 1085 1514; x_wconf 88' lang='lat' dir='ltr'>Att.</span> <span class='ocrx_word' id='word_1_579' title='bbox 1134 1462 1227 1522; x_wconf 85' lang='lat'>15,</span> <span class='ocrx_word' id='word_1_580' title='bbox 1272 1465 1360 1523; x_wconf 82' lang='lat'>17,</span> <span class='ocrx_word' id='word_1_581' title='bbox 1408 1467 1459 1514; x_wconf 86' lang='lat'>1.</span> <span class='ocrx_word' id='word_1_582' title='bbox 1505 1485 1567 1496; x_wconf 94' lang='lat'>—</span> <span class='ocrx_word' id='word_1_583' title='bbox 1610 1455 1679 1511; x_wconf 92' lang='lat' dir='ltr'>P.</span> <span class='ocrx_word' id='word_1_584' title='bbox 1712 1453 1948 1520; x_wconf 88' lang='lat' dir='ltr'>Sittius,</span> <span class='ocrx_word' id='word_1_585' title='bbox 1995 1453 2147 1512; x_wconf 90' lang='lat' dir='ltr'>Cae-</span> 
     </span>
     <span class='ocr_line' id='line_1_64' title="bbox 843 1530 2147 1598; baseline -0.003 -8"><span class='ocrx_word' id='word_1_586' title='bbox 843 1536 1155 1597; x_wconf 86' lang='lat' dir='ltr'>sarianus,</span> <span class='ocrx_word' id='word_1_587' title='bbox 1200 1542 1259 1587; x_wconf 91' lang='lat' dir='ltr'>et</span> <span class='ocrx_word' id='word_1_588' title='bbox 1296 1550 1407 1588; x_wconf 88' lang='lat' dir='ltr'>rex</span> <span class='ocrx_word' id='word_1_589' title='bbox 1446 1530 1758 1598; x_wconf 90' lang='lat' dir='ltr'>Bocchus,</span> <span class='ocrx_word' id='word_1_590' title='bbox 1807 1533 2147 1588; x_wconf 89' lang='lat' dir='ltr'>coniunctis</span> 
     </span>
     <span class='ocr_line' id='line_1_65' title="bbox 844 1605 2151 1682; baseline -0.005 -15"><span class='ocrx_word' id='word_1_591' title='bbox 844 1611 970 1667; x_wconf 88' lang='lat' dir='ltr'>suis</span> <span class='ocrx_word' id='word_1_592' title='bbox 1019 1609 1249 1682; x_wconf 90' lang='lat' dir='ltr'>copiis,</span> <span class='ocrx_word' id='word_1_593' title='bbox 1309 1605 1493 1663; x_wconf 86' lang='lat' dir='ltr'>lubae</span> <span class='ocrx_word' id='word_1_594' title='bbox 1550 1623 1802 1682; x_wconf 85' lang='lat' dir='ltr'>regnum</span> <span class='ocrx_word' id='word_1_595' title='bbox 1858 1605 2151 1661; x_wconf 88' lang='lat' dir='ltr'>invadunt</span> 
     </span>
     <span class='ocr_line' id='line_1_66' title="bbox 843 1679 2144 1758; baseline -0.004 -17"><span class='ocrx_word' id='word_1_596' title='bbox 843 1685 1187 1758; x_wconf 88' lang='lat' dir='ltr'>Cirtamque</span> <span class='ocrx_word' id='word_1_597' title='bbox 1228 1685 1494 1757; x_wconf 89' lang='lat' dir='ltr'>capiunt.</span> <span class='ocrx_word' id='word_1_598' title='bbox 1551 1702 1606 1738; x_wconf 88' lang='lat' dir='ltr'>a.</span> <span class='ocrx_word' id='word_1_599' title='bbox 1629 1700 1690 1737; x_wconf 89' lang='lat' dir='ltr'>u.</span> <span class='ocrx_word' id='word_1_600' title='bbox 1721 1701 1774 1737; x_wconf 94' lang='lat' dir='ltr'>c.</span> <span class='ocrx_word' id='word_1_601' title='bbox 1804 1688 1934 1741; x_wconf 89' lang='grc'><strong>707.</strong></span> <span class='ocrx_word' id='word_1_602' title='bbox 1989 1679 2144 1738; x_wconf 88' lang='lat' dir='ltr'>Bell.</span> 
     </span>
     <span class='ocr_line' id='line_1_67' title="bbox 842 1754 2171 1835; baseline -0.003 -17"><span class='ocrx_word' id='word_1_603' title='bbox 842 1761 1034 1818; x_wconf 87' lang='lat' dir='ltr'>Afric.</span> <span class='ocrx_word' id='word_1_604' title='bbox 1074 1764 1143 1816; x_wconf 89' lang='grc'>25</span> <span class='ocrx_word' id='word_1_605' title='bbox 1167 1767 1227 1814; x_wconf 87' lang='lat' dir='ltr'>et</span> <span class='ocrx_word' id='word_1_606' title='bbox 1245 1764 1336 1817; x_wconf 75' lang='lat'>50.</span> <span class='ocrx_word' id='word_1_607' title='bbox 1378 1789 1448 1802; x_wconf 91' lang='lat'><strong>—</strong></span> <span class='ocrx_word' id='word_1_608' title='bbox 1487 1755 1584 1814; x_wconf 82' lang='lat' dir='ltr'>Ab</span> <span class='ocrx_word' id='word_1_609' title='bbox 1626 1776 1697 1813; x_wconf 89' lang='lat' dir='ltr'>eo</span> <span class='ocrx_word' id='word_1_610' title='bbox 1727 1754 1960 1815; x_wconf 88' lang='lat' dir='ltr'>Sabura</span> <span class='ocrx_word' id='word_1_611' title='bbox 1988 1759 2171 1835; x_wconf 18' lang='lat' dir='ltr'>eius-p</span> 
     </span>
     <span class='ocr_line' id='line_1_68' title="bbox 844 1831 2171 1912; baseline -0.003 -21"><span class='ocrx_word' id='word_1_612' title='bbox 844 1854 958 1912; x_wconf 88' lang='lat' dir='ltr'>que</span> <span class='ocrx_word' id='word_1_613' title='bbox 998 1836 1208 1908; x_wconf 87' lang='lat' dir='ltr'>copiae</span> <span class='ocrx_word' id='word_1_614' title='bbox 1250 1833 1496 1890; x_wconf 84' lang='lat' dir='ltr'>deletae.</span> <span class='ocrx_word' id='word_1_615' title='bbox 1550 1832 1699 1890; x_wconf 89' lang='lat' dir='ltr'>Bell.</span> <span class='ocrx_word' id='word_1_616' title='bbox 1728 1831 1919 1888; x_wconf 74' lang='lat' dir='ltr'>Afric.</span> <span class='ocrx_word' id='word_1_617' title='bbox 1949 1838 2043 1895; x_wconf 83' lang='lat'>93.</span> <span class='ocrx_word' id='word_1_618' title='bbox 2079 1844 2171 1872; x_wconf 71' lang='lat'>—‘</span> 
     </span>
     <span class='ocr_line' id='line_1_69' title="bbox 841 1907 2147 1968; baseline -0.005 0"><span class='ocrx_word' id='word_1_619' title='bbox 841 1911 1162 1968; x_wconf 76' lang='lat' dir='ltr'>Afranium</span> <span class='ocrx_word' id='word_1_620' title='bbox 1224 1918 1284 1966; x_wconf 89' lang='lat' dir='ltr'>et</span> <span class='ocrx_word' id='word_1_621' title='bbox 1340 1909 1627 1965; x_wconf 87' lang='lat' dir='ltr'>Faustum</span> <span class='ocrx_word' id='word_1_622' title='bbox 1683 1907 1912 1966; x_wconf 91' lang='lat' dir='ltr'>Sullam</span> <span class='ocrx_word' id='word_1_623' title='bbox 1973 1909 2147 1964; x_wconf 85' lang='lat' dir='ltr'>vivos</span> 
     </span>
     <span class='ocr_line' id='line_1_70' title="bbox 843 1981 2149 2060; baseline -0.003 -17"><span class='ocrx_word' id='word_1_624' title='bbox 843 1988 1038 2060; x_wconf 87' lang='lat' dir='ltr'>capit,</span> <span class='ocrx_word' id='word_1_625' title='bbox 1095 1986 1198 2060; x_wconf 89' lang='lat' dir='ltr'>qui</span> <span class='ocrx_word' id='word_1_626' title='bbox 1239 1987 1446 2060; x_wconf 88' lang='lat' dir='ltr'>paucis</span> <span class='ocrx_word' id='word_1_627' title='bbox 1489 1993 1626 2059; x_wconf 86' lang='lat' dir='ltr'>post</span> <span class='ocrx_word' id='word_1_628' title='bbox 1664 1982 1872 2040; x_wconf 84' lang='lat' dir='ltr'>diebus</span> <span class='ocrx_word' id='word_1_629' title='bbox 1913 1981 2149 2040; x_wconf 88' lang='lat' dir='ltr'>dissen-</span> 
     </span>
     <span class='ocr_line' id='line_1_71' title="bbox 843 2055 2145 2119; baseline -0.005 0"><span class='ocrx_word' id='word_1_630' title='bbox 843 2064 1012 2119; x_wconf 86' lang='lat' dir='ltr'>sione</span> <span class='ocrx_word' id='word_1_631' title='bbox 1068 2061 1128 2117; x_wconf 92' lang='lat' dir='ltr'>in</span> <span class='ocrx_word' id='word_1_632' title='bbox 1181 2063 1452 2118; x_wconf 90' lang='lat' dir='ltr'>exercitu</span> <span class='ocrx_word' id='word_1_633' title='bbox 1501 2070 1636 2116; x_wconf 87' lang='lat' dir='ltr'>orta</span> <span class='ocrx_word' id='word_1_634' title='bbox 1678 2055 2145 2116; x_wconf 83' lang='lat' dir='ltr'>interficiuntur.</span> 
     </span>
     <span class='ocr_line' id='line_1_72' title="bbox 844 2135 2150 2212; baseline -0.003 -18"><span class='ocrx_word' id='word_1_635' title='bbox 844 2135 936 2194; x_wconf 90' lang='lat' dir='ltr'>Ib.</span> <span class='ocrx_word' id='word_1_636' title='bbox 979 2140 1073 2195; x_wconf 89' lang='grc'><strong>95.</strong></span> <span class='ocrx_word' id='word_1_637' title='bbox 1118 2167 1187 2180; x_wconf 94' lang='lat'>-</span> <span class='ocrx_word' id='word_1_638' title='bbox 1238 2136 1334 2192; x_wconf 90' lang='lat' dir='ltr'>Ad</span> <span class='ocrx_word' id='word_1_639' title='bbox 1373 2135 1451 2212; x_wconf 78' lang='grc' dir='ltr'><strong>ῌί</strong></span> <span class='ocrx_word' id='word_1_640' title='bbox 1498 2151 1718 2207; x_wconf 90' lang='lat' dir='ltr'>ponem</span> <span class='ocrx_word' id='word_1_641' title='bbox 1766 2137 1999 2206; x_wconf 77' lang='lat' dir='ltr'>regium</span> <span class='ocrx_word' id='word_1_642' title='bbox 2036 2153 2150 2209; x_wconf 85' lang='lat' dir='ltr'>op-</span> 
     </span>
     <span class='ocr_line' id='line_1_73' title="bbox 843 2209 2151 2288; baseline -0.002 -20"><span class='ocrx_word' id='word_1_643' title='bbox 843 2214 1054 2288; x_wconf 89' lang='lat' dir='ltr'>primit</span> <span class='ocrx_word' id='word_1_644' title='bbox 1086 2209 1432 2287; x_wconf 88' lang='lat' dir='ltr'>Scipionem</span> <span class='ocrx_word' id='word_1_645' title='bbox 1531 2210 1791 2276; x_wconf 75' lang='lat' dir='ltr'>etenum,</span> <span class='ocrx_word' id='word_1_646' title='bbox 1833 2209 2151 2284; x_wconf 86' lang='lat' dir='ltr'>Damasip-</span> 
     </span>
     <span class='ocr_line' id='line_1_74' title="bbox 845 2285 2151 2364; baseline -0.002 -20"><span class='ocrx_word' id='word_1_647' title='bbox 845 2306 1024 2364; x_wconf 90' lang='lat' dir='ltr'>pum,</span> <span class='ocrx_word' id='word_1_648' title='bbox 1081 2287 1456 2362; x_wconf 87' lang='lat' dir='ltr'>Torquatum</span> <span class='ocrx_word' id='word_1_649' title='bbox 1508 2295 1569 2341; x_wconf 92' lang='lat' dir='ltr'>et</span> <span class='ocrx_word' id='word_1_650' title='bbox 1617 2286 1984 2342; x_wconf 88' lang='lat' dir='ltr'>Plaetorium</span> <span class='ocrx_word' id='word_1_651' title='bbox 2025 2285 2151 2342; x_wconf 80' lang='lat' dir='ltr'>Ru-</span> 
     </span>
     <span class='ocr_line' id='line_1_75' title="bbox 846 2357 2153 2513; baseline -0.002 -94"><span class='ocrx_word' id='word_1_652' title='bbox 846 2367 1126 2513; x_wconf 58' lang='lat' dir='ltr'>stianpm.</span> <span class='ocrx_word' id='word_1_653' title='bbox 1181 2360 1270 2419; x_wconf 92' lang='lat' dir='ltr'>Ib.</span> <span class='ocrx_word' id='word_1_654' title='bbox 1308 2366 1403 2422; x_wconf 89' lang='grc'><strong>96.</strong></span> <span class='ocrx_word' id='word_1_655' title='bbox 1462 2360 1684 2437; x_wconf 87' lang='lat' dir='ltr'>(Saepe</span> <span class='ocrx_word' id='word_1_656' title='bbox 1720 2357 2010 2419; x_wconf 84' lang='lat' dir='ltr'>scribitur</span> <span class='ocrx_word' id='word_1_657' title='bbox 2048 2360 2153 2417; x_wconf 78' lang='lat' dir='ltr'>St-</span> 
     </span>
     <span class='ocr_line' id='line_1_76' title="bbox 847 2458 1002 2496; baseline -0.013 -1"><span class='ocrx_word' id='word_1_658' title='bbox 847 2458 1002 2496; x_wconf 62' lang='lat' dir='ltr'>arms.</span> 
     </span>
    </p>
   </div>
   <div class='ocr_carea' id='block_1_7' title="bbox 846 2528 2145 2681">
    <p class='ocr_par' dir='ltr' id='par_1_23' title="bbox 846 2528 2145 2681">
     <span class='ocr_line' id='line_1_77' title="bbox 921 2528 2145 2599; baseline -0.003 -10"><span class='ocrx_word' id='word_1_659' title='bbox 921 2530 1315 2599; x_wconf 53' lang='lat' dir='ltr'>salamnus,</span> <span class='ocrx_word' id='word_1_660' title='bbox 1359 2531 1577 2588; x_wconf 88' lang='lat' dir='ltr'>servile</span> <span class='ocrx_word' id='word_1_661' title='bbox 1619 2549 1859 2587; x_wconf 87' lang='lat' dir='ltr'>nomen.</span> <span class='ocrx_word' id='word_1_662' title='bbox 1942 2528 2145 2588; x_wconf 89' lang='lat' dir='ltr'>Schol.</span> 
     </span>
     <span class='ocr_line' id='line_1_78' title="bbox 846 2601 1904 2681; baseline -0.003 -16"><span class='ocrx_word' id='word_1_663' title='bbox 846 2609 1119 2666; x_wconf 85' lang='lat' dir='ltr'>Gronov.</span> <span class='ocrx_word' id='word_1_664' title='bbox 1161 2608 1237 2664; x_wconf 86' lang='lat' dir='ltr'>ad</span> <span class='ocrx_word' id='word_1_665' title='bbox 1278 2601 1638 2664; x_wconf 59' lang='lat' dir='ltr'>Roscianaffn</span> <span class='ocrx_word' id='word_1_666' title='bbox 1680 2626 1739 2681; x_wconf 89' lang='lat' dir='ltr'>p.</span> <span class='ocrx_word' id='word_1_667' title='bbox 1770 2609 1904 2666; x_wconf 79' lang='lat'>435.</span> 
     </span>
    </p>
   </div>
   <div class='ocr_carea' id='block_1_8' title="bbox 842 2698 2151 3144">
    <p class='ocr_par' dir='ltr' id='par_1_24' title="bbox 842 2698 2151 3144">
     <span class='ocr_line' id='line_1_79' title="bbox 920 2698 2149 2770; baseline -0.003 -11"><span class='ocrx_word' id='word_1_668' title='bbox 920 2701 1212 2770; x_wconf 61' lang='lat' dir='ltr'>Sarrana,</span> <span class='ocrx_word' id='word_1_669' title='bbox 1265 2699 1412 2758; x_wconf 89' lang='lat' dir='ltr'>urbs</span> <span class='ocrx_word' id='word_1_670' title='bbox 1464 2698 1950 2757; x_wconf 83' lang='lat' dir='ltr'>fidelissimorum</span> <span class='ocrx_word' id='word_1_671' title='bbox 1990 2701 2149 2757; x_wconf 87' lang='lat' dir='ltr'>anti-</span> 
     </span>
     <span class='ocr_line' id='line_1_80' title="bbox 843 2775 2148 2854; baseline -0.001 -20"><span class='ocrx_word' id='word_1_672' title='bbox 843 2779 1390 2854; x_wconf 86' lang='lat' dir='ltr'>quissimorumque</span> <span class='ocrx_word' id='word_1_673' title='bbox 1412 2780 1736 2834; x_wconf 88' lang='lat' dir='ltr'>sociorum.</span> <span class='ocrx_word' id='word_1_674' title='bbox 1769 2775 2031 2850; x_wconf 88' lang='lat' dir='ltr'>Philipp.</span> <span class='ocrx_word' id='word_1_675' title='bbox 2060 2786 2148 2845; x_wconf 81' lang='lat'>11,</span> 
     </span>
     <span class='ocr_line' id='line_1_81' title="bbox 844 2850 2149 2925; baseline -0.002 -16"><span class='ocrx_word' id='word_1_676' title='bbox 844 2859 914 2922; x_wconf 92' lang='grc'>2,</span> <span class='ocrx_word' id='word_1_677' title='bbox 959 2858 1013 2912; x_wconf 89' lang='grc'><strong>5.</strong></span> <span class='ocrx_word' id='word_1_678' title='bbox 1054 2883 1131 2896; x_wconf 92' lang='grc'>-</span> <span class='ocrx_word' id='word_1_679' title='bbox 1175 2852 1474 2925; x_wconf 84' lang='lat' dir='ltr'>Smyrnae</span> <span class='ocrx_word' id='word_1_680' title='bbox 1513 2864 1572 2908; x_wconf 87' lang='lat' dir='ltr'>et</span> <span class='ocrx_word' id='word_1_681' title='bbox 1611 2850 1780 2908; x_wconf 88' lang='lat' dir='ltr'>multi</span> <span class='ocrx_word' id='word_1_682' title='bbox 1821 2853 1985 2909; x_wconf 86' lang='lat' dir='ltr'>cives</span> <span class='ocrx_word' id='word_1_683' title='bbox 2029 2851 2149 2907; x_wconf 81' lang='lat' dir='ltr'>Ro-</span> 
     </span>
     <span class='ocr_line' id='line_1_82' title="bbox 845 2928 2150 3000; baseline -0.002 -15"><span class='ocrx_word' id='word_1_684' title='bbox 845 2930 1009 2985; x_wconf 88' lang='lat' dir='ltr'>mani</span> <span class='ocrx_word' id='word_1_685' title='bbox 1048 2937 1190 2985; x_wconf 92' lang='lat' dir='ltr'>sunt</span> <span class='ocrx_word' id='word_1_686' title='bbox 1240 2937 1298 2983; x_wconf 94' lang='lat' dir='ltr'>et</span> <span class='ocrx_word' id='word_1_687' title='bbox 1338 2931 1430 2984; x_wconf 89' lang='lat' dir='ltr'>ius</span> <span class='ocrx_word' id='word_1_688' title='bbox 1471 2948 1502 2983; x_wconf 87' lang='lat' dir='ltr'>a</span> <span class='ocrx_word' id='word_1_689' title='bbox 1546 2939 1757 2985; x_wconf 88' lang='lat' dir='ltr'>nostro</span> <span class='ocrx_word' id='word_1_690' title='bbox 1795 2928 2150 3000; x_wconf 74' lang='lat' dir='ltr'>magistratu</span> 
     </span>
     <span class='ocr_line' id='line_1_83' title="bbox 842 3001 2151 3078; baseline -0.002 -18"><span class='ocrx_word' id='word_1_691' title='bbox 842 3003 1092 3061; x_wconf 88' lang='lat' dir='ltr'>dicitur.</span> <span class='ocrx_word' id='word_1_692' title='bbox 1149 3021 1262 3078; x_wconf 86' lang='lat' dir='ltr'>pro</span> <span class='ocrx_word' id='word_1_693' title='bbox 1287 3002 1505 3060; x_wconf 88' lang='lat' dir='ltr'>Flacco</span> <span class='ocrx_word' id='word_1_694' title='bbox 1541 3011 1634 3069; x_wconf 90' lang='grc'>29,</span> <span class='ocrx_word' id='word_1_695' title='bbox 1666 3011 1757 3064; x_wconf 78' lang='grc'>71.</span> <span class='ocrx_word' id='word_1_696' title='bbox 1788 3032 1862 3044; x_wconf 91' lang='grc'><strong>-</strong></span> <span class='ocrx_word' id='word_1_697' title='bbox 1888 3001 2151 3076; x_wconf 88' lang='lat' dir='ltr'>Smyrna</span> 
     </span>
     <span class='ocr_line' id='line_1_84' title="bbox 845 3076 2146 3144; baseline -0.003 -7"><span class='ocrx_word' id='word_1_698' title='bbox 845 3076 1028 3137; x_wconf 85' lang='lat' dir='ltr'>babet</span> <span class='ocrx_word' id='word_1_699' title='bbox 1065 3080 1215 3134; x_wconf 85' lang='lat' dir='ltr'>vites</span> <span class='ocrx_word' id='word_1_700' title='bbox 1239 3076 1484 3136; x_wconf 86' lang='lat' dir='ltr'>biferas.</span> <span class='ocrx_word' id='word_1_701' title='bbox 1543 3078 1741 3135; x_wconf 88' lang='lat' dir='ltr'>Varro</span> <span class='ocrx_word' id='word_1_702' title='bbox 1769 3077 1894 3134; x_wconf 75' lang='lat' dir='ltr'>BR.</span> <span class='ocrx_word' id='word_1_703' title='bbox 1930 3086 1983 3144; x_wconf 89' lang='grc'>1,</span> <span class='ocrx_word' id='word_1_704' title='bbox 2011 3085 2067 3143; x_wconf 90' lang='grc'>7,</span> <span class='ocrx_word' id='word_1_705' title='bbox 2091 3085 2146 3137; x_wconf 89' lang='grc'><strong>6.</strong></span> 
     </span>
    </p>
   </div>
  </div>
 </body>
</html>
