4367 6084
824 647 948 714 484
1088 638 1497 711 PONTIUS
1544 633 1977 703 GLAUCUS
2019 664 2102 681 ·-
2148 631 2235 700 C.
2283 632 2790 699 POPILLIUS
2835 633 3245 701 LAENAS.

822 789 1041 864 &ficum
1088 788 1475 840 commentar-ie·
1528 780 1829 836 dicuntur.
1908 774 1980 832 de
2025 773 2134 864 Or.
2204 805 2265 818 -
2312 773 2457 830 Eius
2498 777 2723 832 mentio
2769 771 2836 832 fit
2875 776 3053 832 etiam
3093 750 3303 834 Munil.
3351 776 3414 844 5,
3459 752 3531 835 7..

827 871 1011 998 ἕνεί,
1051 867 1279 1002 1935}-
1308 853 1670 915 Pontificum
1700 861 2134 910 commentam.
2202 859 2256 919 Β,
2288 856 2513 934 21..15,
2542 854 2637 910 45.
2681 852 2905 926 Agrar.
2937 862 2992 920 1,
3029 862 3082 922 ’3,
3113 855 3165 909 6.
3211 861 3264 919 2,
3295 851 3397 919 19,
3427 852 3526 909 51.

909 1043 1175 1101 Pom-xus
1218 1037 1501 1094 Gmtucus
1555 1037 1766 1111 poema
1809 1031 2142 1091 Ciceronis-

830 1119 1130 1189 Fraguiut.
1173 1132 1231 1187 p.
1265 1117 1394 1172 571.

910 1220 1202 1282 Posrius,
1249 1213 1558 1290 Scipionis
1587 1213 1860 1270 Africani
1895 1212 2146 1268 minoris

836 1298 1168 1354 familiaris.
1228 1290 1374 1348 Eius
1404 1292 1626 1347 dictum
1668 1291 1738 1345 tle
1778 1290 1868 1344 aci
1916 1304 2146 1343 eusci-r.

835 1371 1077 1438 Fragm.
1114 1365 1251 1423 libri
1282 1365 1352 1422 de
1382 1367 1531 1422 Fato
1559 1385 1618 1440 p.
1652 1369 1781 1425 255.
1812 1363 1861 1419 Ε
1912 1405 1925 1419 .
1957 1380 2142 1418 meae.

841 1445 1223 1504 Moserianae
1266 1462 1324 1518 p.
1358 1447 1488 1501 652.

2277 953 2516 1015 Pon-rus
2539 953 2827 1012 Eamus.
2870 954 2966 1010 Ad
2996 955 3312 1012 introitum
3338 953 3531 1011 Ponti

2206 1031 2287 1085 liu
2318 1049 2463 1102 agro
2496 1029 2970 1086 Chalcedonico=
3013 1029 3533 1106 Schol.Apollon.

2207 1105 2396 1162 Rhod.
2439 1112 2494 1171 2,
2539 1110 2699 1171 552.)
2739 1116 2873 1162 erat
2911 1107 3149 1178 signum
3195 1104 3364 1164 Iovis
3408 1105 3537 1162 lm·
3601 1106 3610 1114 '

2206 1184 2527 1257 peratoris,
2571 1183 2976 1255 pulcherrime
3021 1181 3262 1239 factum.
3344 1179 3537 1239 Verr-

2179 1259 2490 1313 Accusat.
2535 1257 2606 1325 4,
2653 1261 2758 1323 58,
2801 1259 2927 1314 129.
2969 1287 3027 1301 -
3077 1257 3257 1315 Ponti
3297 1256 3541 1315 circui-

2208 1345 2320 1389 tus.
2376 1330 2576 1388 Varro
2616 1332 2720 1389 Fr.
2769 1352 2826 1407 p.
2859 1337 2990 1392 362.
3047 1330 3119 1390 Bi
3169 1374 3183 1390 .
3233 1361 3295 1374 —
3344 1332 3539 1390 Ponti

2208 1410 2442 1464 ostium.
2485 1407 2733 1466 Tuscul.
2773 1423 2821 1475 1,
2852 1414 2946 1476 20,
2975 1410 3074 1466 45.
3149 1407 3270 1466 bid.
3298 1413 3404 1477 59,
3437 1414 3544 1467 93.

2215 1513 2275 1523 -—
2322 1483 2497 1540 Ponti
2541 1488 2712 1540 vada.
2791 1486 2962 1541 Arat.
3008 1502 3065 1540 v.
3101 1489 3230 1545 157.

915 1547 1208 1611 Ponrms,
1240 1545 1504 1602 collusor
1532 1555 1591 1602 et
1617 1542 1841 1600 sodalis
1871 1543 2146 1599 Antonii.
2288 1586 2625 1644 Panum„
2669 1596 2685 1655 (
2704 1598 2831 1645 ter:
2875 1587 3212 1660 Populiana)
3252 1587 3545 1645 centuri„

842 1624 1101 1697 Ph¹¹¹l2l’·
1158 1627 1242 1688 ¹3¹
1289 1626 1343 1685 ²⁹
1391 1625 1444 1680 3·
1919 1721 1929 1731 ,
2213 1663 2632 1719 (ducentorum
2664 1666 2935 1719 iuoerum
2959 1670 3264 1731 mensura)
3291 1665 3358 1719 in
3383 1679 3544 1736 agro

921 1726 989 1784 c,
1030 1726 1292 1781 Pom-ms
1336 1722 1682 1779 {lassamus
1729 1719 2002 1785 Samnis·
2049 1736 2154 1792 ΡΗ·
2215 1738 2509 1794 Thurino.
2570 1758 2682 1813 pro
2704 1711 2902 1795 'fullio
2928 1742 2976 1808 §.
3002 1746 3113 1804 16..
3145 1738 3249 1797 uhi
3275 1736 3547 1796 consule

845 1812 939 1858 ter
994 1819 1120 1856 eius
1177 1799 1243 1856 C.
1292 1799 1492 1887 Pontii
1538 1796 1882 1881 Thelesini,
1942 1814 1973 1850 a
2036 1812 2154 1868 quo
2214 1812 2583 1870 Huschffium
2622 1815 2898 1872 Amnem·
2943 1835 3002 1891 p·
3046 1823 3170 1874 ¹2¹·

753 1928 762 1935 .
847 1876 1118 1936 Caudino
1147 1875 1377 1949 proelio
1407 1873 1513 1946 sp.
1539 1872 1902 1937 Postumius,
1936 1870 2008 1927 Τ.
2040 1871 2154 1924 Vr-

844 1957 1041 2011 turius
1095 1968 1252 2007 coss.
1304 1954 1516 2006 iterum
1565 1966 1618 2003 a.
1658 1967 1719 2002 ιι.
1765 1966 1818 2003 c.
1862 1949 1995 2006 455.
2057 1964 2158 2000 su-

848 2031 1040 2103 perati
1083 2036 1258 2081 sunt=
1320 2042 1452 2080 cuui
1496 2041 1566 2080 eo
1608 2022 1936 2080 collocutus
1977 2019 2126 2088 fingi

848 2116 947 2160 tur
977 2104 1277 2174 Archytas
1307 2100 1699 2157 Tarentinus.
1754 2097 1904 2155 Cato
1934 2104 2026 2163 12,
2061 2100 2150 2152 41.

924 2205 990 2264 C.
1044 2205 1309 2261 Pon-rrius
1375 2202 1800 2268 Tnsttsmus,
1866 2199 2158 2257 Hei-ennii

849 2281 1045 2345 filius,
1117 2279 1391 2345 Samnis,
1454 2276 1725 2335 Caudino
1778 2276 2010 2351 proelio
2053 2276 2158 2348 S...

849 2357 1244 2420 Postumium,
1290 2354 1364 2410 T.
1397 2351 1713 2411 Veturium
1752 2371 1909 2408 coss.
1946 2353 2158 2408 iterum

850 2452 905 2490 a.
948 2451 1007 2488 ιι.
1050 2448 1104 2487 c.
1152 2434 1283 2491 455.
1328 2431 1655 2502 superavit.
1734 2425 1884 2484 Cato
1928 2435 2018 2493 12,
2061 2432 2154 2484 fit.

851 2509 951 2584 (de
976 2505 1097 2565 Off.
1128 2514 1181 2570 3,
1206 2511 1299 2572 50,
1330 2505 1483 2577 109.)
1515 2534 1582 2548 --
1611 2503 1895 2561 Eiusdem
1935 2504 2158 2559 dictum
2186 2525 2187 2528 ¹
2260 2554 2267 2561 ,
2367 2551 2399 2562 ,,

852 2580 1259 2641 memorabile.
1320 2580 1391 2635 de
1416 2577 1534 2636 Off.
1566 2587 1622 2645 2,
1653 2587 1749 2646 21,
1778 2583 1867 2640 75.
1920 2607 1981 2619 ·-
2024 2576 2162 2653 (Sr-
2220 2559 2424 2607 ⁸¹²¹⁰¹¹·

850 2663 984 2716 curi
1028 2674 1349 2733 percussus
1391 2664 1483 2711 est
1524 2666 1659 2728 post
1698 2654 1773 2727 Q.
1821 2653 1994 2711 Fabii
2034 2654 2162 2708 Ma·
2298 2653 2617 2720 Pontus,
2657 2664 2847 2711 mater
2883 2653 2959 2727 Q.
2994 2654 3218 2713 Lutatii
3245 2654 3446 2714 Catuli
3477 2664 3542 2712 et

851 2737 997 2794 ximi
1039 2733 1309 2806 Gurgitis
1349 2731 1718 2806 triumphum
1755 2749 1812 2788 a.
1847 2748 1906 2786 u.
1938 2749 1994 2788 c.
2026 2732 2162 2792 1255.
2224 2728 2291 2787 C.
2337 2728 2468 2785 Iulii
2511 2729 2788 2788 Caesaris
2830 2728 3187 2791 Strabonis:
3248 2732 3352 2788 cui
3402 2730 3545 2807 pri-

852 2810 989 2869 Liv.
1023 2808 1194 2885 Epit..
1219 2814 1339 2877 11.)
1794 2867 1805 2884 ‚
2225 2823 2384 2861 mum
2422 2806 2658 2862 mulieri
2695 2807 2857 2863 hunc
2898 2807 3186 2864 honorem
3229 2809 3288 2863 in
3320 2817 3543 2864 nostra

931 2913 982 2973 L
1035 2912 1305 2969 Pomm,
1346 2912 1398 2967 A
1444 2928 1588 2967 „¹¹4
1666 2907 1739 2966 ad
1761 2910 1869 2966 A„
1919 2916 1943 2966 ¹
2010 2914 2036 2966 1
2105 2912 2162 2964 5*
2225 2882 2466 2936 civitate
2507 2878 2793 2937 tributum
2837 2892 3017 2955 puto,
3081 2893 3143 2940 ut
3181 2892 3323 2959 post
3360 2900 3544 2940 mor-1-

858 3019 924 3035 ,-
986 2955 1224 3063 iqosp„
1291 2932 1608 3043 Cicssmnis'
1667 2987 1729 3041 in
1789 2947 2162 3041 Tr'eb'ulfl'ffl*
2225 2966 2339 3011 tem
2381 2955 2619 3031 publice
2645 2957 2987 3015 laudaretur
3023 2963 3085 3026 (a
3111 2955 3237 3016 filio
3263 2956 3536 3026 Catulo).

858 3066 930 3121 ad
962 3064 1088 3121 Att.
1130 3069 1184 3128 5,
1220 3069 1278 3128 2,
1327 3075 1372 3121 1.
1425 3059 1590 3119 Ῑὴ.Ε
1641 3101 1655 3115 .
1689 3066 1746 3127 3,
1780 3066 1833 3116 1.
1877 3058 1992 3135 Ep.
2025 3060 2081 3120 4,
2117 3068 2165 3112 1.,
2225 3029 2298 3087 de
2324 3027 2437 3086 θ’·
2480 3037 2538 3098 ²⁹
2586 3037 2677 3098 ¹¹·
2721 3035 2814 3091 44·

855 3140 948 3199 Ili.
986 3138 1121 3195 Lib.
1161 3144 1217 3203 7,
1254 3145 1313 3203 2,
1351 3144 1404 3193 2.
1457 3135 1545 3192 lb.
1580 3079 1693 3211 ἕρ.
1727 3143 1781 3201 5,
1816 3143 1907 3192 12.
1954 3159 2024 3175 -
2064 3136 2166 3188 In-
2299 3132 2625 3191 Portunus
2654 3133 2897 3193 Lamus
2938 3152 3130 3210 augur
3157 3154 3213 3192 a.
3237 3154 3292 3191 ιι.
3318 3154 3376 3192 c.
3398 3141 3541 3194 709.

2227 3210 2302 3266 ad
2333 3213 2460 3266 Att.
2501 3218 2591 3276 12,
2636 3215 2728 3277 15,
2770 3219 2825 3269 2.
2884 3209 2996 3343 Εόι.
3039 3211 3130 3278 14,
3176 3228 3221 3270 ι.
3279 3211 3397 3287 Ep.
3444 3216 3540 3268 17.

2963 3305 3035 3344 or

2226 3284 2496 3342 Eundem
2533 3304 2665 3343 esse
2705 3296 2875 3362 putat
3037 3287 3220 3344 radus
3260 3303 3400 3344 cum
3438 3303 3546 3343 se-

2226 3372 2462 3437 quente.

2302 3455 2628 3512 Pontum
2669 3453 2910 3515 Lamus
2965 3457 3242 3515 defensus
3282 3477 3317 3515 a
3359 3455 3545 3515 Cice-

2227 3548 2405 3588 rone:
2468 3530 2543 3588 ah
2602 3548 2673 3588 eo
2733 3531 2948 3590 Cicero
3014 3543 3219 3611 postea
3277 3531 3544 3591 Antonii

2266 3610 2522 3664 ermissu
2542 3607 2896 3667 interfectus
2917 3621 3025 3665 est.
3065 3609 3347 3667 Valerius
3369 3607 3536 3665 Max.

2227 3627 2361 3741 [ib.
2405 3689 2461 3744 5.
2504 3703 2560 3739 c.
2601 3689 2656 3744 5.
2697 3683 2812 3740 [nt.
2842 3687 2899 3742 4.
2953 3683 3255 3761 Fragmtn.
3302 3703 3368 3760 p.
3396 3684 3541 3742 460.

2303 3776 2368 3835 C.
2410 3777 2735 3835 Potamos
2785 3777 2852 3835 P.
2895 3779 2964 3835 F.
3006 3779 3078 3837 P.
3122 3778 3200 3836 N.
3244 3778 3539 3846 Lassus,

2226 3870 2362 3910 cum
2401 3854 2477 3911 ad
2501 3855 2867 3910 Antiochum
2898 3873 3101 3932 regem
3126 3855 3179 3911 le
3225 3865 3358 3911 atus
3389 3855 3544 3910 iuis-¹

2227 3947 2329 3986 sus
2370 3940 2530 3985 esset
2568 3937 2627 3985 et
2665 3931 2865 3986 verbis
2903 3941 3147 3988 senatus
3230 3934 3546 3987 enuntias-

2226 4016 2338 4073 set,
2369 4017 2432 4061 ut
2459 4004 2533 4061 ah
2564 4004 2926 4063 Alexandria
2955 4005 3316 4069 discederet,
3354 4022 3542 4081 quam

2226 4077 2568 4138 obsidebat:
2623 4099 2759 4137 cum
2810 4092 3040 4158 tempus
3081 4081 3181 4138 ille
3233 4080 3536 4147 differret,

2230 4157 2463 4233 virgula
2515 4167 2769 4214 stantem
2825 4158 3305 4233 circumscripsit
3349 4157 3542 4213 dixit-

2227 4250 2340 4309 que
2407 4250 2470 4288 se
2530 4233 3014 4290 renuntiaturum
3076 4235 3348 4300 senatui,
3416 4233 3539 4289 nisi

2229 4311 2395 4382 prius
2435 4308 2551 4364 sihi
2588 4309 3034 4383 respondisset,
3081 4308 3224 4386 qnid
3260 4310 3535 4366 facturus

2226 4392 2416 4450 esset,
2474 4402 2646 4461 quam
2703 4402 2778 4439 ex
2826 4385 2927 4442 illa
2969 4385 3532 4458 circumscriptione

2225 4458 2562 4517 excederet.
2605 4458 2944 4517 Praeclare.
2987 4460 3247 4536 Philipp.
3270 4466 3325 4526 8,
3349 4464 3407 4526 8,
3431 4463 3529 4518 25.

2225 4564 2299 4580 -
2336 4534 2447 4593 Est
2492 4534 2558 4593 C.
2605 4534 2891 4611 Popillius
2937 4535 3208 4605 Laenas,
3267 4537 3369 4612 qui
3428 4531 3528 4589 bis

937 4607 1618 4687 PosuissTu-msnus,
1659 4608 1737 4682 Q.
1762 4608 1975 4666 Titinii
2006 4604 2162 4664 filius
2223 4613 2435 4669 consul
2476 4610 2619 4677 fnit,
2664 4630 2719 4667 a.
2756 4631 2817 4668 u.
2857 4632 2912 4670 c.
2955 4618 3084 4674 582.
3120 4624 3178 4669 et
3208 4614 3336 4671 596·
3390 4605 3524 4665 (ΚΡ.

859 4708 894 4744 a
935 4687 1152 4743 Pontio
1192 4684 1530 4759 adoptatus,
1574 4687 1807 4742 timoris
1847 4701 2027 4741 causa
2069 4688 2162 4740 m-
2224 4686 2356 4743 μιν.
2402 4690 2497 4753 45,
2542 4691 2633 4745 12.
2662 4718 2730 4731 -
2770 4686 2909 4745 Dici
2949 4691 3146 4746 virum
3179 4686 3534 4758 Perpennam

854 4772 951 4818 ter
990 4761 1268 4819 Caesaris
1309 4760 1569 4818 asseclas
1608 4761 1721 4817 fuit
1757 4780 1810 4818 a.
1839 4779 1898 4816 ιι.
1929 4777 1984 4816 c.
2024 4764 2162 4819 7115.
2218 4772 2322 4819 aut
2360 4763 2425 4818 P.
2457 4763 2704 4816 Leonam
2743 4763 3019 4823 muliebri
3050 4765 3257 4822 forma.
3322 4759 3534 4818 Varro

856 4839 931 4895 ad
974 4839 1101 4893 Att.
1144 4841 1202 4904 9,
1248 4842 1342 4902 19,
1388 4843 1443 4892 2.
2222 4836 2344 4894 LL.
2390 4846 2447 4906 9,
2492 4841 2584 4898 29.
2626 4857 2688 4913 p.
2717 4841 2854 4901 485.

926 4930 1195 4998 Pon-rus,
1239 4931 1407 5006 regio
1435 4929 1614 4987 Asiae
1652 4928 1727 4986 ad
1752 4929 2012 4987 Pontum
2034 4932 2158 4988 Eu*
2294 4932 2364 4990 C.
2427 4932 2751 4990 Porxttms
2804 4933 2872 4991 C.
2917 4934 2986 4991 F.
3033 4933 3102 4993 C.
3155 4933 3233 4991 N.
3281 4933 3536 4990 Luni·

848 5010 1080 5064 xinum.
1130 5035 1189 5046 -
1249 5007 1511 5080 Populus
1552 5006 1853 5062 Romanus
1896 5012 2154 5082 aperuit,
2218 5006 2447 5082 legatus
2489 5008 2561 5065 1..
2601 5008 2792 5067 Cassii
2831 5027 2956 5066 cos.
2997 5028 3052 5065 a.
3081 5029 3137 5066 ιι.
3158 5028 3213 5067 c.
3245 5013 3377 5069 647.
3422 5008 3538 5065 de-

846 5082 919 5140 L.
965 5081 1215 5137 Lucullo
1255 5084 1620 5157 imperante,
1665 5081 1921 5139 Pontum
1961 5094 2018 5139 et
2061 5104 2158 5140 rea
2221 5089 2409 5141 victus
2456 5103 2491 5140 a
2531 5084 2878 5162 Tigurinis,
2918 5104 2950 5140 a
2995 5084 3062 5142 C.
3093 5085 3297 5144 Caelio
3339 5083 3533 5143 Caldo

846 5159 961 5234 giis
1015 5157 1311 5233 quondam
1369 5155 1581 5232 opibus
1640 5168 1701 5214 et
1755 5162 1884 5235 ipsa
1940 5170 2150 5217 natura
2216 5160 2485 5235 trih.pl.,
2518 5160 2670 5238 -legis
2698 5158 3040 5219 tabellariae
3066 5173 3336 5227 auctore,
3376 5178 3534 5238 per-

844 5237 1112 5311 regiouis
1152 5233 1453 5292 vallatum.
1528 5251 1641 5310 pro
1678 5235 1905 5294 Archia
1948 5241 2007 5308 9,
2057 5244 2150 5300 21.
2215 5235 2531 5295 duellionis
2571 5246 2887 5296 accusatus
2927 5247 2987 5295 et
3023 5255 3377 5316 oppressus.
3453 5236 3535 5297 de

2295 1916 2590 1973 Pomm
2651 1914 2844 1974 tribus
2903 1921 3152 1976 rustica.
3232 1918 3310 1978 ad
3362 1918 3541 1976 Fam.

2191 2001 2274 2064 ,8,
2318 2001 2373 2060 8,
2417 1998 2472 2051 5.
2543 1993 2655 2049 cfr.
2695 1993 3009 2070 Inscriptt.
3054 2012 3217 2053 meas
3258 1995 3546 2054 Latinas.

2221 2067 2352 2126 Vol.
2385 2076 2439 2124 2.
2485 2086 2544 2141 p.
2576 2074 2664 2128 16.

2292 2171 2586 2228 Pontus
2630 2189 2679 2229 s.
2713 2171 2971 2230 Portus
3011 2191 3178 2247 gens.
3237 2171 3313 2230 de
3343 2171 3546 2251 Legg.

2219 2251 2278 2306 2.
2321 2254 2412 2313 22,
2456 2252 2549 2306 55.
2594 2277 2668 2291 —
2721 2247 3038 2322 Scriptura
3082 2249 3309 2324 duplici
3351 2247 3404 2305 1.
3444 2255 3549 2305 est

2221 2342 2279 2378 in
2320 2321 2518 2378 Fastis
2560 2322 2947 2398 Capitolinis,
3007 2333 3386 2401 quapropter
3439 2340 3547 2381 se-

2195 2399 2453 2475 “quenda
2498 2398 2670 2455 nobis
2716 2399 2974 2456 videtur.
3055 2399 3300 2456 Nummi
3357 2401 3546 2456 huius

2220 2478 2414 2549 gentis
2457 2473 2722 2550 plebeiae
2755 2486 2899 2532 sunt
2925 2475 3254 2544 Goltziani,
3298 2493 3545 2551 suppo·-

857 3216 1139 3287 dignatur
1194 3213 1409 3270 Cicero
1461 3211 1664 3269 Pontii
1702 3209 2166 3287 Neapolitanum

857 3311 890 3348 a
920 3289 1203 3353 Servilia,
1248 3287 1419 3345 Bruti
1447 3298 1657 3354 matre,
1701 3287 2020 3362 possideri,
2065 3288 2166 3340 dti-

858 3378 1066 3424 natum
1105 3384 1136 3420 a
1181 3362 1462 3420 Caesare.
1521 3362 1595 3419 ad
1638 3364 1760 3419 Au.
1808 3366 1908 3427 14,
1954 3368 2021 3419 21
2049 3404 2061 3428 ,
2109 3372 2162 3420 3.

864 3471 925 3483 —
984 3442 1053 3498 L.
1096 3439 1384 3495 Plancum
1438 3441 1988 3513 praestantissimus
2049 3443 2162 3504 vir,

858 3517 1074 3593 Aquila
1099 3556 1114 3582 ,
1171 3514 1467 3572 Pollentia
1509 3514 1770 3588 expulit,
1831 3523 1889 3570 et
1928 3514 2162 3588 quide-in

860 3611 1040 3652 crure
1062 3593 1276 3647 fracto.
1308 3589 1563 3665 Philipp.
1594 3604 1681 3655 11,
1706 3592 1762 3655 6,
1790 3596 1879 3648 14.
1907 3588 2162 3664 Philipp.

860 3673 955 3732 15,
998 3675 1087 3732 12,
1122 3672 1215 3723 27.
1273 3665 1627 3723 Pseudocic.
1668 3664 1740 3720 ad
1770 3663 1941 3722 Brut.
1975 3673 2031 3730 1,
2077 3672 2162 3720 15.

860 3774 928 3788 —
971 3742 1223 3800 Pontius
1264 3742 1518 3817 Aquila,
1572 3739 1803 3814 legatus
1849 3740 1924 3796 D.
1967 3738 2162 3804 Bruti,

860 3818 1083 3875 cecidit
1132 3819 1196 3873 in
1252 3816 1495 3873 Hirtino
1545 3816 1799 3891 proelio.
1890 3815 1963 3871 ad
2002 3815 2146 3871 Fam

860 3902 970 3960 10,
1014 3896 1121 3960 55,
1164 3897 1220 3951 4.
1265 3917 1336 3932 -
1391 3892 1531 3948 Fuit
1580 3892 1650 3947 de
1746 3892 2166 3948 ercnssorihus

864 3967 1165 4031 Caesaris,
1215 3968 1386 4024 cuius
1424 3969 1646 4024 mentio
1729 3977 1753 4023 t
1792 3971 1968 4024 etiam
2010 3968 2166 4040 apud

862 4042 1026 4100 Suet.
1056 4042 1227 4101 Caes.
1267 4048 1361 4102 78.

937 4137 1010 4194 T.
1039 4137 1304 4194 Pon-rius
1333 4139 1628 4205 centurio,
1660 4137 1920 4194 maximo
1946 4134 2166 4192 robore

859 4216 1192 4288 praeditus.
1252 4213 1402 4270 Cato
1433 4221 1528 4280 10,
1557 4217 1650 4275 55.
1708 4213 1958 4269 Videtur
1986 4212 2162 4272 idem.

863 4291 934 4344 de
976 4307 1094 4366 qui.-
1136 4289 1402 4346 Lucilius
1442 4290 1596 4362 apud
1638 4286 1769 4346 Cic.
1799 4289 1869 4344 de
1896 4287 2073 4344 Finn.
2113 4296 2166 4352 1,

860 4368 918 4428 5,
951 4371 1022 4424 9.-
1061 4363 1424 4436 Wesseling.
1454 4363 1612 4421 Obss
1674 4367 1891 4437 p.-104.
1949 4362 2166 4420 Diver-

859 4457 965 4495 sus
1004 4442 1242 4496 videtur
1282 4461 1314 4496 a
1354 4441 1573 4497 Pontio
1599 4439 1897 4508 Cominio,
1941 4439 2012 4496 de
2049 4460 2166 4516 quo

857 4514 994 4572 Liv.
1038 4521 1097 4580 5,
1140 4516 1236 4572 46.
