4367 6084
1458 647 1848 719 HERM1A
1880 612 1975 695 ’-
2019 650 2620 719 HERonoTUS.

700 795 1059 927 inter-‘posito
1086 804 1381 869 tempore,
1422 811 1534 869 per
1561 793 1873 851 duodecim
1902 793 2013 847 ho-

699 890 972 1003 gildi-inus
1012 946 1059 1002 1.
1106 966 1165 1020 p.
1215 953 1307 1006 79.

777 1058 1027 1116 Henma
1069 1078 1115 1114 s.
1161 1057 1463 1125 Hamus,
1509 1075 1721 1114 servus
1764 1056 2013 1114 Cicero—

3255 653 3380 720 283

2148 789 2595 858 Hunnorum,
2639 793 2952 851 Ciceronis
2993 794 3246 853 debitor.
3299 797 3381 870 (a.

887 872 1002 927 iem
1042 871 1374 927 dimensum
1405 888 1536 926 esse
1564 869 1844 926 coniecit.
1904 868 2012 925 Vi-
2072 887 2131 999 uE.
2175 875 2430 1004 cbgog.)
2496 870 2571 927 ad
2611 870 2740 926 Att.
2788 878 2896 937 12,
2939 877 3047 940 25,
3094 884 3146 930 1.
3218 870 3378 930 Ibid.

1987 961 1995 971 ‘
2046 979 2047 983 κ
2124 964 2182 1019 p.
2303 987 2317 1012 ‚
2361 987 2418 1002 ...

2145 1055 2552 1114 Humanas
2581 1058 2872 1126 Cronms,
2920 1057 3174 1115 libertus
3229 1080 3282 1124 a.
3317 1080 3375 1116 u.

698 1136 817 1191 nis.
895 1135 967 1190 ad
1009 1134 1173 1190 Fam.
1214 1141 1321 1199 16,
1370 1139 1466 1202 15,
1509 1141 1561 1191 2.
1606 1164 1679 1176 -—-
1721 1133 1897 1205 Quod
1938 1132 2009 1188 ad
2071 1150 2123 1187 c.
2173 1139 2304 1192 709.
2365 1134 2439 1189 ad
2477 1137 2605 1190 Att.
2655 1140 2746 1202 15,
2779 1135 2869 1190 24.
2924 1134 3085 1191 Idem
3127 1137 3380 1194 fortasse

695 1228 795 1284 me
835 1209 907 1266 de
936 1209 1179 1268 Hermia
1222 1207 1467 1276 scribis,
1509 1209 1655 1264 mihi
1680 1209 1853 1265 valde
1881 1227 2013 1265 mo-

697 1286 918 1342 lestum
956 1282 1086 1342 fuit'.
1168 1285 1242 1341 ad
1286 1284 1361 1357 Q.
1406 1285 1506 1341 Fr.
1553 1298 1605 1353 1,
1648 1291 1704 1352 2,
1748 1285 1805 1352 4,
1851 1292 1941 1342 12.

2072 1226 2206 1264 cum
2248 1209 2668 1284 praecedente.
2716 1230 2723 1238 ·

2145 1310 2442 1380 Humor,
2488 1312 2647 1368 Latii
2687 1312 2927 1388 populi,
2981 1315 3044 1370 in
3085 1305 3384 1371 civitatein

778 1398 1105 1456 Hsamoua
1142 1398 1410 1457 Pacuvii.
1463 1397 1664 1454 Varro
1699 1396 1826 1453 LL.
1870 1404 1926 1465 6,
1957 1401 2010 1456 9.
2071 1389 2323 1462 recepti.
2402 1407 2515 1463 pro
2561 1386 2749 1444 Balbo
2800 1395 2905 1457 15,
2953 1393 3046 1447 51.
3125 1390 3274 1445 Item
3314 1393 3384 1448 de

698 1492 764 1551 p.
810 1480 940 1535 275.

778 1587 1149 1652 Hnnmmus,
1192 1586 1419 1659 legatus
1448 1585 1883 1653 Temnitarum,
1925 1591 2011 1642 iu·

702 1661 967 1720 dicatum
1022 1663 1191 1733 duxit
1228 1660 1607 1719 Heraclidem
1647 1661 2008 1718 Temnitam.
2046 1687 2047 1696 ¹

702 1758 822 1813 pro
843 1739 1061 1796 Flacco
1091 1743 1182 1802 19,
1214 1741 1309 1796 45.
1332 1765 1406 1780 —-
1433 1739 1681 1793 Amicus
1710 1748 1768 1791 et
1796 1738 2012 1811 hospes

703 1814 1041 1871 Ciceronis.
1086 1811 1237 1869 Ibid.
1272 1819 1365 1880 20,
1397 1814 1490 1869 48.
1527 1841 1588 1851 -
1622 1811 2010 1887 Hermippus,

700 1891 886 1945 homo
913 1888 1328 1945 callidissimus
1370 1885 1445 1942 ab
1473 1886 1795 1945 Heraclida
1837 1887 2016 1945 dece-

698 1973 861 2039 ptus.
941 1962 1141 2021 Schol.
1182 1961 1331 2019 Bob.
1376 1982 1489 2036 pro
1528 1962 1749 2019 Flacco
1790 1983 1850 2038 p.
1881 1965 2011 2021 242.

777 2076 1151 2143 Humerus,
1198 2077 1487 2151 princeps
1520 2048 2017 2152 Dionysopolita-

697 2170 835 2286 {³¹:33¹
853 2151 1268 2296 1i’n2l1’h2ryiia.
1328 2152 1410 2245 (a.
1435 2170 1496 2207 u.
1524 2168 1579 2207 c.
1609 2154 1772 2231 695.)
1795 2208 1802 2214 ,
1827 2151 1900 2209 ad
1935 2152 2010 2225 Q.

608 2396 612 2400 .
776 2341 1020 2407 Hunno,
1066 2358 1280 2397 servus
1309 2340 1684 2397 centurionis
1714 2339 2012 2398 Camulae.

700 2417 779 2475 ad
818 2417 945 2473 Att.
991 2422 1048 2485 5,
1093 2426 1187 2483 21,
1233 2423 1286 2475 4.

781 2531 1131 2588 Hsnmoams
1187 2530 1532 2596 Temnites,
1595 2530 1768 2586 testis
1825 2533 1889 2587 in
1939 2530 2011 2588 L.

701 2606 1009 2665 Flaccum.
1090 2625 1203 2680 pro
1239 2605 1462 2664 Flacco
1505 2614 1600 2672 18,
1643 2609 1739 2664 45.

782 2720 1216 2787 ΗυιΜοειιεοΝ,
1261 2721 1357 2776 vir
1390 2720 1816 2794 amplissimus,
1862 2719 2015 2795 apud

704 2796 975 2855 Rhodios
1034 2796 1374 2871 portorium
1420 2796 1729 2851 conduxit.
1810 2794 2019 2851 Victo-

699 2874 876 2929 rinus
914 2873 960 2928 I.
1049 2913 1062 2926 .
1089 2876 1182 2930 95.
1241 2871 1421 2946 Apud
1463 2871 1591 2929 Cic.
1635 2882 1725 2928 est
1764 2870 2019 2928 Heuma-

707 2966 925 3015 cnson,
954 2966 1010 3003 .u
1056 2949 1074 3003 i
1114 2946 1270 3004 vide.

778 3061 1190 3118 Hsamonoaus
1232 3062 1517 3135 princeps
1547 3059 1945 3133 Ephesiorum
1984 3078 2015 3114 a

705 3136 941 3193 civilius
982 3147 1235 3210 propter
1274 3138 1400 3192 ebs
1444 3139 1875 3211 praestantiam
1913 3154 2019 3191 ex-

703 3211 933 3287 pulsus.
991 3212 1240 3268 Tuscul.
1283 3218 1339 3279 5,
1372 3215 1466 3273 56.
1499 3217 1630 3270 105.
1666 3241 1727 3251 -
1762 3212 1875 3268 Hic
1904 3221 2016 3279 est,

709 3305 884 3364 quem
925 3287 1295 3362 Pomponius
1338 3288 1397 3342 iu
1430 3287 1679 3349 Enchir.
1727 3287 1869 3343 dicit
1896 3286 2021 3343 Ro-

706 3381 865 3419 mam
906 3365 1145 3418 venisse
1185 3373 1245 3419 et
1281 3363 1442 3435 leges
1471 3362 1737 3420 Graecas
1767 3363 2020 3419 Decem-

707 3441 861 3494 viris
902 3439 1257 3513 explicasse.
1317 3438 1447 3510 Qua
1492 3438 1563 3494 de
1603 3459 1669 3497 re
1712 3441 1810 3517 qui
1847 3437 2020 3495 dubi-
2053 3444 2056 3482 ,2

708 3525 877 3581 tant,
936 3517 1149 3570 adeant
1189 3515 1345 3570 Plin.
1396 3515 1471 3570 Η.
1516 3514 1591 3571 Ν.
1637 3521 1730 3580 54,
1775 3518 1827 3573 5.
1858 3556 1872 3579 ,
1919 3517 2020 3590 qui

710 3591 842 3646 eius
883 3599 1139 3647 statuam
1177 3601 1499 3666 propterea
1543 3591 1687 3647 dicit
1726 3594 1786 3645 in
1818 3589 2020 3647 Comi-

712 3668 798 3721 tio
853 3666 1087 3741 pululice
1144 3666 1398 3721 dicatam
1457 3667 1661 3722 fuisse.
1746 3666 1893 3722 Ems.
1952 3695 2016 3706 —

712 3741 839 3799 cfr.
879 3744 1056 3797 etiam
1088 3741 1408 3798 Rhetorem
1433 3740 1738 3806 Latinum,
1783 3745 1883 3816 qui
1912 3738 2022 3797 sub

710 3817 1001 3874 Heracliti
1026 3818 1271 3891 Ephesii
1300 3819 1540 3872 nomine
1570 3816 1853 3892 epistolas
1877 3816 2018 3872 sub-

712 3892 948 3949 diticias
976 3895 1332 3967 composuit,
1363 3892 1610 3949 Rhetor.
1644 3892 1803 3948 Aldi.
1846 3893 1916 3948 T.
1946 3892 2022 3947 ΙΙ.

708 3967 931 4039 1ο1.ζε’.,
964 3969 1072 4025 111.
1107 3987 1307 4035 verso,
1342 3967 1618 4023 laudante
1649 3968 1789 4024 Car.
1817 3967 2023 4023 Goett-

710 4043 901 4117 lingio
956 4046 1019 4099 in
1071 4044 1545 4116 Programmate.
1629 4044 1808 4099 lenae
1852 4050 2016 4106 1851.

707 4139 773 4196 p.
823 4126 878 4177 4.
961 4120 1109 4175 Item
1150 4119 1323 4192 Diog.
1366 4119 1571 4176 Laert.
1618 4127 1675 4186 9,
1720 4127 1776 4175 2.

791 4231 1223 4314 Hermononus.
1282 4230 1563 4288 Placetne
1599 4229 1707 4288 tihi
1736 4230 1922 4288 libros
1953 4231 2022 4287 de

713 4306 940 4366 finibus
998 4308 1173 4362 edere
1229 4307 1461 4362 iniussu
1514 4309 1696 4363 meo?
1776 4308 1908 4364 Hoc
1952 4328 2025 4364 ne

713 4382 1132 4443 Hermodorus
1174 4381 1409 4457 quidem
1452 4383 1740 4448 faciebat,
1795 4387 1880 4448 is,
1926 4387 2026 4460 qui

713 4458 987 4522 Platonis
1040 4457 1230 4514 libros
1283 4457 1495 4515 solitus
1550 4468 1643 4514 est
1680 4461 2023 4534 divolgare3

718 4535 797 4591 cx'
851 4553 970 4611 quo
1036 4536 1304 4610 λόγοισιν
1352 4533 1742 4611 Ἑρμόδωρος
1800 4539 2026 4612 (ἐμπο-

717 4612 997 4685 gasverai).
1072 4609 1145 4666 ad
1183 4609 1311 4666 Ait.
1361 4616 1459 4675 15,
1508 4615 1611 4678 20,
1661 4614 1716 4669 4.
1769 4640 1840 4652 -
1896 4611 2022 4668 Cfr.

722 4684 969 4745 Suidam
1011 4687 1071 4741 in
1112 4687 1223 4742 hoc
1263 4683 1591 4761 proverbio
1632 4695 1917 4761 Λόγοισιν
1964 4706 2023 4741 κ.

717 4764 875 4830 tit„
914 4765 1015 4838 qui
1057 4780 1190 4816 eum
1232 4763 1566 4817 auditorem
1605 4761 1877 4818 Platonis
1920 4782 2025 4837 ap-

716 4836 918 4915 pellat.
978 4837 1239 4911 Scripsit
1277 4846 1412 4908 περὶ
1439 4839 1769 4901 Πλάτωνος
1808 4847 1867 4892 ct
1892 4835 2026 4907 περὶ

712 4913 1162 4994 μαθημάτων,
1222 4911 1293 4967 de
1349 4912 1562 4988 quibus
1619 4911 1789 4969 libris
1844 4923 1902 4968 et
1956 4915 2026 4970 de

716 4992 734 5046 i
782 5009 850 5046 so
933 4987 1314 5044 Hermodoro
1393 4988 1528 5065 vide
1607 4990 1876 5045 Ionsium
1955 4991 2026 5046 de

720 5009 971 5139 §cripth
1016 5063 1177 5120 Hist.
1221 5064 1377 5121 Phil.
1424 5074 1479 5131 1,
1526 5073 1619 5133 10,
1663 5071 1718 5118 2.
1778 5064 1927 5121 Ean.

789 5177 1205 5237 Hzamononos
1370 5177 1588 5232 minius
1619 5175 1889 5244 illustris,
1917 5195 2026 5234 na-

716 5254 942 5312 valium
980 5253 1369 5310 architectus.
1426 5253 1498 5309 de
1542 5251 1647 5310 Or·
1692 5264 1745 5323 ¹,
1790 5255 1883 5323 14,
1924 5257 2021 5313 62.

2072 1461 2195 1520 Off.
2251 1475 2277 1520 1
2306 1503 2322 1528 ‚
2378 1473 2482 1529 11,
2535 1469 2626 1523 55.
2680 1494 2749 1507 --
2796 1463 3046 1520 Hernici
3088 1464 3310 1522 devicti
3349 1485 3383 1521 a

2072 1537 2147 1610 Q.
2193 1538 2426 1595 Marcio
2469 1539 2756 1595 Tremulo
2798 1559 2924 1597 cos.
2968 1560 3022 1597 a.
3063 1559 3121 1596 u.
3159 1558 3213 1597 c.
3252 1545 3385 1601 648.

2071 1614 2331 1709 Philipp.
2375 1619 2434 1682 6,
2482 1620 2535 1680 5,
2580 1621 2668 1678 13.

2146 1716 2451 1782 limones,
2499 1719 2908 1788 Atheniensis,
2955 1718 3040 1776 M.
3072 1719 3385 1777 Ciceronis

2071 1791 2180 1850 filii
2219 1796 2504 1867 magister
2544 1796 2817 1851 Athenis.
2896 1801 2978 1862 (a.
3022 1814 3081 1852 u.
3128 1815 3183 1852 c.
3231 1803 3386 1864 710.)

2074 1869 2150 1925 ad
2191 1871 2316 1924 Att.
2364 1868 2468 1935 14,
2518 1876 2621 1935 16,
2665 1873 2722 1928 5.
2778 1869 2867 1926 Ib.
2911 1870 3025 1946 Ep.
3072 1876 3175 1938 18,
3218 1876 3272 1930 4.
3318 1901 3381 1912 -

2074 1944 2375 2000 Leonidas
2437 1948 2661 2001 retinet
2719 1964 2890 2001 suum
2959 1946 3102 2003 illud
3161 1965 3386 2003 annuc.

2078 2020 2340 2076 Summis
2394 2039 2540 2076 vero
2577 2019 2872 2077 laudibus
2913 2021 3211 2078 Herodes.
3292 2021 3382 2079 lb.

2075 2094 2211 2152 Lib.
2253 2101 2346 2162 15,
2390 2100 2477 2154 16.
2500 2100 2576 2153 Α.
2606 2125 2682 2140 --
2719 2096 3030 2172 (Scriptor
3069 2099 3182 2153 fuit
3210 2100 3389 2173 igno-

2075 2170 2258 2245 bilis.)
2289 2202 2363 2216 -
2401 2171 2699 2239 Herodes,
2743 2175 2795 2229 si
2833 2174 3011 2229 homo
3052 2185 3231 2239 esset,
3275 2174 3387 2229 Di-

2076 2248 2434 2303 caearchum
2476 2251 2676 2323 potius
2708 2248 2955 2324 legeret,
3002 2267 3176 2326 quam
3208 2268 3387 2305 unam

2075 2322 2336 2380 litteram
2375 2322 2692 2381 scriberet.
2764 2325 2840 2382 ad
2863 2325 2993 2383 Att.
3039 2333 3093 2390 2,
3123 2332 3180 2391 2,
3213 2331 3269 2381 2.
3315 2352 3389 2367 —

2076 2398 2332 2455 Videtur
2385 2399 2456 2455 de
2498 2401 2815 2459 Ciceronis
2868 2401 3189 2457 consulatu
3235 2403 3390 2456 scri-

2079 2480 2269 2548 psisse
2311 2473 2568 2551 aliquid,
2616 2474 2783 2552 quod,
2810 2474 3198 2533 ‘vehementer
3237 2494 3388 2530 con-

2077 2548 2382 2606 temnebat
2421 2549 2657 2607 Cicero.
2715 2549 2866 2609 Elm-
2946 2546 3069 2615 Sed
3095 2559 3225 2608 tum
3250 2570 3387 2607 cum

2078 2624 2195 2681 alio
2235 2627 2437 2699 potius
2478 2645 2615 2682 eum
2651 2626 2990 2702 scriptore,
3030 2642 3213 2707 quum
3251 2644 3388 2684 cum

2079 2702 2452 2757 Dicaearcho
2494 2711 2925 2776 comparasset.

2151 2805 2459 2868 limones,
2504 2803 2696 2860 Attici
2733 2802 3009 2863 libertus.
3074 2802 3388 2881 (Fortasse

2078 2890 2363 2955 corrupte
2406 2879 2702 2936 Hsaonmu
2758 2898 2875 2956 pro
2924 2878 3235 2956 Enna-sm.)
3311 2879 3389 2936 ad

2078 2958 2204 3012 Att.
2249 2962 2307 3022 6,
2339 2963 2394 3020 1,
2428 2961 2520 3014 25.
2581 2954 2706 3012 Cir.
2752 2967 2952 3015 tamen
2990 2956 3128 3017 Lib.
3162 2957 3256 3024 14,
3290 2960 3383 3022 18,

2078 3035 2133 3090 4.
2196 3036 2287 3097 15,
2329 3039 2423 3096 27,
2473 3038 2528 3091 5.

2152 3133 2540 3191 Hzaonorus.
2588 3135 2732 3192 Eius
2762 3136 3121 3212 eloquentia.
3178 3137 3250 3193 de
3279 3135 3388 3192 Or.

2080 3217 2135 3279 2,
2168 3218 2261 3277 15,
2293 3216 2386 3269 55.
2431 3240 2505 3253 ·—
2546 3210 2705 3283 Quid
2746 3212 3055 3269 Herodoto
3109 3210 3387 3269 dulcius?
3468 3231 3474 3243 ·

2078 3287 2122 3342 F
2130 3306 2378 3361 ragmm.
2408 3307 2463 3362 p.
2489 3290 2619 3346 479.
2648 3319 2708 3330 -
2738 3287 3080 3345 Herodotus
3105 3299 3161 3344 et
3183 3288 3390 3344 eadem

2078 3363 2476 3438 superiorque
2516 3374 2677 3420 aetas
2704 3382 2973 3419 *numero
3014 3366 3214 3422 caruit
3269 3364 3388 3420 nisi

2080 3438 2320 3513 quando
2361 3451 2587 3495 temere
2627 3458 2697 3494 ac
2736 3440 3004 3497 fortuito.
3080 3439 3252 3496 Orat.
3286 3445 3383 3505 55,

2083 3519 2211 3572 186.
2246 3544 2306 3554 -
2353 3513 2698 3571 Herodotus
2727 3513 3231 3591 Thucydidesque
3259 3515 3392 3571 lon-

2082 3590 2322 3664 gissime
2363 3608 2396 3645 a
2437 3591 2842 3664 sophistarum
2884 3590 3113 3647 deliciis
3155 3592 3251 3647 vel
3277 3610 3391 3665 po·

2082 3667 2202 3720 tius
2262 3665 2503 3738 ineptiis
2560 3667 2857 3722 afuerunt.
2915 3696 2987 3709 —
3045 3664 3389 3722 Herodotus

2082 3742 2212 3796 sine
2253 3739 2390 3797 ullis
2432 3740 2684 3797 salebris
2727 3743 2898 3817 quasi
2928 3741 3168 3798 sedatus
3196 3744 3389 3798 amnis

2083 3815 2236 3871 ssuit.
2321 3815 2491 3873 Orat.
2535 3822 2638 3883 12,
2677 3823 2768 3879 59.
2824 3848 2897 3860 —
2948 3818 3291 3875 Herodotus
3333 3828 3393 3873 et

2087 3891 2473 3964 Thucydides
2526 3895 2579 3947 si
2630 3905 2766 3967 apte
2820 3912 3255 3971 numeroseque
3300 3893 3392 3949 di-

2084 3979 2324 4034 xerunt,
2369 3987 2434 4022 ea
2480 3987 2597 4023 non
2640 3987 2888 4025 numero
2931 3972 3236 4046 quaesito,
3284 3968 3390 4025 sed

2082 4042 2407 4101 verborum
2437 4044 2829 4100 collocatione
2858 4045 3227 4102 ceciderunt.
3284 4043 3392 4101 (λ’.

2082 4124 2189 4184 65,
2235 4123 2364 4176 219.
2412 4147 2475 4160 -
2515 4120 2692 4194 Apud
2717 4121 3112 4188 Herodotum,
3157 4129 3392 4196 patrem

2085 4197 2394 4260 historiae,
2441 4206 2500 4251 et
2529 4195 2684 4271 apud
2715 4197 3170 4273 Theopompum
3211 4199 3391 4252 innu-

2086 4268 2402 4328 merabiles
2459 4282 2597 4327 sunt
2649 4271 2904 4329 fabulae.
2979 4272 3060 4328 'de
3102 4272 3287 4345 Legg.
3319 4284 3387 4336 ’1,

2090 4356 2156 4413 1,
2206 4353 2261 4407 5.
2304 4377 2381 4388 -
2434 4346 2805 4403 Herodotum
2859 4368 2968 4404 cur
3020 4351 3396 4404 veraciorem

2086 4422 2299 4479 ducam
2340 4421 2580 4478 Ennio?
2648 4423 2718 4478 de
2749 4423 2951 4480 Divin.
2997 4431 3063 4490 2,
3108 4430 3218 4487 56,
3267 4429 3395 4480 116.

2086 4529 2160 4540 -
2219 4497 2312 4552 Ex
2372 4501 2499 4554 eius
2559 4501 2906 4555 testimonio
2970 4499 3125 4572 apud
3185 4497 3394 4555 Medos

2088 4576 2350 4630 iustitiae
2376 4574 2662 4629 fruendae
2691 4593 2871 4631 causa
2915 4573 3052 4628 olim
3086 4573 3234 4630 hene
3262 4592 3396 4628 mo·-

2087 4652 2202 4705 rati
2242 4667 2418 4720 reges
2459 4651 2790 4709 constituti.
2846 4650 2917 4705 de
2940 4649 3063 4705 Off.
3097 4657 3152 4715 2,
3181 4658 3272 4714 12,
3296 4651 3391 4707 41.

2087 4757 2161 4767 -
2202 4725 2346 4782 Eius
2388 4727 2660 4780 narratio
2700 4725 2771 4781 de
2813 4725 3022 4781 Cleobi
3062 4737 3119 4780 et
3160 4724 3394 4795 Bitone.

2087 4800 2336 4857 Tuscul.
2387 4810 2452 4867 1,
2497 4801 2602 4866 47,
2653 4809 2778 4858 112.
2829 4830 2889 4840 —-
2939 4801 3082 4856 Eius
3123 4801 3394 4856 narratio

2086 4875 2248 4952 (Lib.
2290 4885 2317 4933 1
2346 4919 2360 4941 ‚
2406 4881 2529 4940 85.)
2586 4876 2659 4932 de
2702 4875 2912 4933 Croesi
2967 4875 3090 4932 filio
3144 4877 3390 4931 infante.

2088 4953 2157 5006 de.
2201 4952 2407 5007 Divin.
2465 4959 2530 5016 1,
2578 4957 2686 5016 53,
2734 4957 2862 5008 121.
2925 4979 2994 4993 -
3051 4952 3394 5009 Herodotus

2087 5027 2553 5084 Themistoclem
2614 5028 3007 5102 praedicavit.
3104 5027 3178 5084 ad
3227 5027 3391 5084 Fam.

2087 5108 2141 5170 5,
2176 5110 2270 5168 12,
2303 5111 2354 5161 7.
2410 5102 2481 5158 de
2509 5102 2688 5158 Finn.
2732 5109 2789 5168 2,
2821 5110 2914 5167 27,
2948 5109 3040 5163 87.
3091 5135 3152 5146 -
3196 5103 3397 5162 Hero-
3484 5100 3488 5104 *

2086 5179 2263 5235 dotus
2315 5177 2674 5236 laudatusa
2734 5176 2938 5235 Schol.
2995 5181 3270 5238 Gronov.
3311 5184 3392 5236 uin

2083 5256 2225 5311 Act.
2267 5254 2346 5312 11.
2403 5258 2465 5311 in
2508 5255 2686 5315 verr·
2725 5253 2794 5312 L.
2839 5267 2891 5314 1.
2930 5274 2992 5333 p·
3032 5259 3166 5318 405.
