4367 6084
999 636 1122 700 178
1214 636 1364 702 CN.
1395 632 1675 701 Gonu.
1702 631 2205 698 LENTULUS
2237 629 2920 696 MARCELLINUS
2949 662 3023 672 —
3060 631 3148 695 L.
3176 628 3264 695 C.
3291 630 3380 693 L.
3407 626 3674 697 CRUS.

992 796 1054 833 ιι.
1103 797 1157 834 c.
1205 757 1336 836 69‘5.
1403 785 1696 831 ›raetores
1734 774 1978 830 suerunt
2004 773 2113 830 Cn.
2149 772 2303 829 Cor-

996 853 1194 909 nelius
1240 853 1308 908 P.
1354 852 1422 906 1«.
1467 849 1754 906 Lentulus
1796 849 2186 907 Marcellinus
2246 858 2336 911 et;

996 929 1072 999 Q.
1118 927 1401 984 Claudius
1454 925 1865 992 Flamininus,
1933 923 2089 997 apud
2155 942 2305 1005 quos

986 1003 1246 1075 {Pighius
1296 1020 1530 1077 quoque
1575 1000 1709 1056 Vol.
1758 1004 1813 1058 5.
1859 1019 1917 1074 p.
1962 1001 2092 1059 555.
2134 1017 2304 1053 reum

996 1082 1221 1135 sactum
1282 1096 1412 1132 esse
1473 1076 1540 1133 C.
1585 1076 1920 1131 Antonium
1978 1076 2302 1129 existimat.

1002 1154 1312 1210 Scuua'rz.
1434 1149 1555 1208 Sed
1630 1167 1846 1206 nomen
1930 1149 2004 1221 Q.
2075 1148 2307 1206 Claudii

1001 1227 1351 1289 (Flaminini
1408 1244 1746 1300 cognomen
1798 1225 1958 1281 unde
1997 1226 2311 1298 repetierit

999 1303 1283 1375 Pighius,
1331 1303 1614 1368 nescioz)
1667 1304 1731 1356 in
1773 1301 2128 1356 Vatinianae
2173 1299 2310 1355 loco

1000 1376 1155 1435 Edd.
1182 1385 1327 1432 vett.
1366 1378 1598 1443 nititur,
1637 1395 1712 1432 ex
1754 1373 1967 1451 quihus
2009 1393 2311 1449 propaga-

1000 1463 1129 1508 tum
1162 1462 1253 1508 est
1279 1470 1466 1526 usque
1496 1451 1572 1508 ad
1600 1450 1980 1507 Lambinum.
2049 1449 2313 1506 Omnino

1000 1545 1366 1602 magnopere
1406 1524 1683 1583 dubitare
1718 1526 1883 1593 licet,
1926 1545 1999 1581 an
2036 1525 2114 1596 Q.
2140 1525 2316 1582 Clau-

1003 1603 1136 1660 dius
1195 1614 1442 1676 praetor
1490 1621 1547 1656 a.
1596 1622 1656 1657 u.
1703 1621 1754 1657 c.
1793 1606 1924 1660 695.
1953 1644 1967 1669 ,
2029 1603 2129 1678 qui
2170 1618 2317 1655 nus-

1005 1697 1183 1756 quam
1264 1689 1578 1752 praeterea
1655 1678 1977 1732 memorari
2049 1674 2311 1740 videtur,

1002 1772 1268 1829 unquam
1308 1771 1369 1808 ιιι
1415 1753 1574 1807 vivis
1620 1753 1820 1808 fuerit.
1867 1778 1939 1792 -
1979 1750 2339 1813 Marcellini¹

966 1827 1127 1889 .fide
1194 1839 1368 1903 atque
1461 1827 1749 1884 ›raesidio
1817 1825 2003 1882 Siculi
2060 1830 2319 1881 maxime

1008 1901 1332 1961 utebantur
1378 1846 1670 1959 adlversns
1714 1901 1779 1958 C.
1824 1902 2095 1959 Verrem.
2138 1901 2218 1974 (a.
2259 1919 2318 1955 u.

1010 1995 1063 2035 c.
1107 1978 1260 2046 68'1.)
1315 1973 1582 2033 Divinat.
1630 1980 1698 2042 Ιι,
1749 1985 1841 2039 15.
1883 2007 1960 2019 -
2000 1976 2111 2033 Cn.
2158 1975 2320 2031 Len-

1008 2054 1204 2118 tulus,
1259 2061 1551 2125 patronus
1606 2050 1883 2118 Siciliae,
1949 2051 2319 2107 clarissimus

1011 2128 1387 2185 adolescens.
1439 2135 1517 2194 (a.
1558 2145 1617 2182 u.
1666 2145 1717 2182 o.
1756 2130 1917 2193 684.)
1971 2126 2150 2182 Verr.
2195 2127 2321 2181 Ac·-

1012 2214 1203 2259 cnsat.
1238 2210 1306 2267 2,
1335 2204 1407 2260 42
1428 2244 1443 2270 ,
1477 2206 1608 2262 105.
1640 2233 1712 2247 —-
1742 2202 1942 2259 Testis
1970 2203 2033 2258 in
2065 2201 2131 2258 C.
2165 2202 2320 2257 Ver·
2354 2192 2355 2241 ἶ

1944 2277 2050 2344 24,
2112 2282 2207 2336 55.
2256 2305 2317 2316 -

1015 2354 1126 2411 Cu.
1157 2351 1475 2408 Cornelius
1513 2351 1807 2407 Lentulus
1849 2350 2215 2428 subscripsit
2249 2350 2319 2407 L.

1013 2427 1274 2486 Lentulo
1303 2430 1364 2483 iu
1394 2427 1736 2483 accusando
1759 2427 1825 2483 P.
1845 2426 2076 2484 Clodio.
2120 2426 2321 2483 Schol.

1016 2501 1170 2562 Bub.
1223 2505 1284 2558 in
1332 2502 1605 2558 Clodium
1667 2522 1726 2576 p.
1774 2507 1906 2562 556.
1954 2502 2016 2542 -’-
2062 2502 2321 2558 Marcel·-

1620 2578 1845 2633 raviter
1905 2576 1975 2633 de
2018 2577 2321 2635 Clodianis

1577 2597 1919 2709 {alicuibus
1946 2695 1961 2720 ,
2006 2653 2321 2727 lapidatio-

1011 2297 1162 2336 rem.
1223 2276 1398 2333 Verr.
1460 2279 1749 2333 Accusat.
1813 2282 1882 2345 4,

1019 2580 1180 2634 linus
1221 2580 1280 2633 in
1324 2588 1536 2633 senatu

1023 2652 1355 2718 incendiis,
1412 2654 1569 2708 truci

1023 2728 1203 2786 nibus
1246 2737 1488 2804 questus
1529 2739 1639 2784 est.
1706 2733 1794 2794 (a.
1834 2747 1890 2783 u.
1931 2747 1982 2784 c.
2020 2733 2201 2796 697.)
2253 2726 2326 2782 ad

1023 2804 1101 2876 Q.
1149 2805 1250 2859 Fr.
1301 2810 1364 2867 2,
1412 2811 1476 2868 1,
1527 2810 1582 2860 2.
1632 2833 1692 2843 -
1739 2802 2161 2869 Marcellinus,
2224 2821 2326 2858 cu-

1050 2879 1371 2935 ›idissimus
1402 2877 1736 2944 Ciceronis,
1786 2885 1872 2943 (a.
1899 2897 1957 2933 u.
1987 2897 2038 2935 c.
2065 2883 2230 2946 697.)
2263 2909 2326 2920 —

1024 2901 1286 3012 Senatus
1329 2954 1664 3009 consultum
1709 2953 1780 3009 de
1805 2954 2114 3011 Ciceronis
2155 2955 2330 3010 domo

1023 3032 1249 3087 factum
1305 3038 1398 3084 est
1449 3031 1511 3084 in
1569 3031 1924 3085 senteutiam
1966 3029 2321 3102 Marcellini.

1027 3106 1102 3162 ad
1144 3108 1269 3161 Au.
1315 3106 1386 3168 4,
1434 3111 1498 3171 2,
1544 3104 1599 3160 4.
1653 3102 1803 3160 Ibid.
1846 3113 1914 3171 5,
1963 3113 2013 3165 5.
2093 3104 2164 3160 ad
2209 3106 2330 3160 Au.

1028 3187 1097 3247 5,
1146 3188 1251 3246 21,
1302 3186 1388 3236 11.
1432 3208 1507 3220 —-
1568 3178 1954 3235 Marcellinus
2009 3180 2220 3235 consul
2273 3197 2321 3232 a.

1028 3275 1089 3311 u.
1137 3275 1192 3310 c.
1239 3261 1369 3313 698.
1445 3253 1518 3309 ad
1560 3257 1682 3310 Ait.
1744 3260 1811 3319 9,
1859 3262 1930 3320 9,
1972 3255 2029 3310 4.
2080 3285 2140 3294 —
2186 3255 2365 3310 Eius

1031 3332 1218 3405 stirps
1260 3348 1317 3384 ιιι
1360 3341 1563 3384 terna:
1631 3340 1838 3385 atavus
1893 3330 1961 3385 Ρ.
2008 3328 2216 3404 Scipio
2259 3331 2326 3394 is,

1033 3409 1133 3482 qui
1176 3416 1267 3459 est
1307 3407 1568 3478 optimus
1610 3425 1640 3460 a
1685 3404 1907 3479 populo
1950 3404 2059 3461 Ro.
2107 3405 2330 3460 iudica-

1031 3492 1163 3547 tus3
1210 3478 1433 3534 abavus
1474 3479 1542 3535 P.
1588 3479 1794 3553 Scipio
1833 3479 2052 3536 Nasica
2095 3481 2332 3539 Corcu-

1029 3555 1189 3621 lum;
1233 3573 1496 3641 proavus
1537 3555 1606 3612 P.
1641 3554 1848 3628 Scipio
1887 3555 2106 3611 Nasica
2151 3555 2334 3611 Sera-e

1027 3633 1165 3704 pio,
1248 3634 1347 3704 qui
1421 3630 1518 3684 Τι.
1590 3631 1929 3687 Gracchum
1996 3635 2330 3697 interemit;

1029 3723 1178 3761 avus
1232 3704 1331 3760 ille
1374 3704 1614 3778 Scipio,
1677 3704 1789 3761 suh
1841 3706 2009 3761 initia
2052 3705 2195 3762 belli
2234 3707 2334 3761 Iu-

1029 3781 1298 3853 gurthini
1351 3790 1641 3837 mortuus.
1723 3781 1845 3837 Cfr.
1907 3780 2147 3837 Fabric.
2205 3781 2334 3837 Ga-

1028 3864 1146 3911 rat.
1192 3853 1379 3910 Wolf.
1438 3856 1508 3911 ad
1560 3856 1668 3911 Or.
1728 3856 1798 3911 de
1853 3856 2113 3931 llarusp.
2166 3875 2330 3931 resp.

1029 3938 1100 3988 11
1128 3972 1142 3997 ,
1184 3937 1277 3986 22.
1327 3959 1387 3969 -
1435 3931 1568 4000 „De
1597 3930 1861 4006 Harusp.
1906 3950 2067 4006 resp.
2117 3940 2207 3998 1¹,
2242 3939 2330 3987 22.

1029 4005 1250 4061 dicitur
1308 4007 1435 4060 eius
1495 4012 1633 4057 avia
1690 4006 1963 4062 manibus
2032 4009 2334 4081 accepisse

1036 4080 1317 4137 Matreu(
1342 4080 1535 4136 (lcum.
1615 4079 1732 4138 Sed
1774 4082 1877 4137 Fr.
1922 4081 2235 4138 Fabricius
2281 4095 2334 4137 et

1030 4156 1101 4212 P.
1146 4154 1450 4212 Manutius
1505 4155 1898 4213 ostenderunt
1953 4176 2082 4212 esse
2123 4158 2334 4231 legen-

1033 4232 1173 4288 dum
1231 4238 1399 4283 atavi
1460 4232 1609 4300 (cfr.
1671 4231 1847 4288 VVols
1899 4232 1973 4288 ad
2027 4233 2066 4288 l.
2111 4233 2176 4300 l.,
2234 4236 2334 4310 qni

1030 4319 1230 4362 tamen
1291 4306 1455 4361 dedit
1510 4308 1726 4381 abavi.)
1785 4307 1845 4363 id
1906 4318 1996 4363 est
2053 4308 2330 4365 Nasicae.

1028 4379 1195 4439 ldem
1239 4393 1603 4438 memoratur
1642 4386 1715 4438 ad
1752 4383 1919 4438 Fam.
1966 4392 2015 4439 1.
2057 4384 2169 4459 Ep.
2218 4395 2246 4443 1
2279 4395 2334 4440 et

1029 4470 1086 4517 2.
1134 4461 1193 4513 in
1253 4476 1432 4512 causa
1496 4457 1735 4513 Lentuli
1796 4458 2172 4533 Spintheris,
2241 4464 2331 4516 cui

979 4548 983 4553 ·
1031 4531 1502 4598 adversabatur3
1549 4545 1678 4589 erat
1718 4537 1876 4590 enim
1918 4538 1972 4590 ei
1999 4537 2334 4592 inimicus.’'

1030 4609 1181 4664 Eas.
1259 4637 1319 4646 —-
1393 4608 1781 4665 Marcellinus
1841 4611 1953 4665 hoc
2012 4630 2132 4665 uno
2195 4613 2334 4680 milii

1033 4685 1272 4759 quidem
1326 4703 1444 4738 non
1487 4685 1810 4751 satisfacit,
1875 4686 2032 4760 quod
2078 4688 2334 4761 Pompe—

1032 4763 1152 4814 ium
1199 4762 1371 4814 nimis
1415 4777 1626 4832 aspere
1668 4771 1919 4815 tractat:
1979 4781 2332 4838 quamquam

1031 4835 1090 4890 id
1137 4843 1348 4890 senatu
1393 4855 1510 4890 uon
1566 4838 1756 4891 invito
1810 4837 1971 4891 facit.
2032 4845 2127 4901 (a.
2173 4856 2232 4892 u.
2278 4857 2330 4892 c.

1030 4913 1189 4976 698.)
1232 4909 1303 4964 ad
1348 4911 1420 4982 Q.
1451 4911 1554 4967 Fr.
1598 4917 1665 4978 2,
1699 4916 1769 4979 6,
1802 4915 1855 4967 5.
1910 4943 1970 4952 -
2018 4912 2334 4981 Quomodo

1034 5001 1099 5037 se
1142 4987 1396 5057 gesserit
1451 4989 1512 5042 in
1564 5005 1744 5042 causa
1785 4986 2107 5042 Ptolemaei
2148 4986 2334 5042 Aule*

1031 5065 1151 5111 tie.
1205 5058 1277 5112 ad
1316 5060 1478 5115 Fam.
1522 5069 1587 5126 1,
1631 5069 1698 5128 1,
1748 5069 1802 5117 2.
1860 5060 2009 5117 lbid.
2055 5067 2122 5128 2,
2169 5069 2221 5118 1.
2269 5092 2326 5101 —

1032 5131 1160 5188 Nec
1217 5150 1474 5207 unquam
1532 5136 1855 5193 indisertus
1908 5149 1966 5193 et
2007 5139 2068 5193 ιιι
2109 5156 2334 5193 consu—

1030 5207 1155 5264 latu
1194 5210 1595 5287 pereloquens
1657 5212 1822 5267 visus
1862 5223 1957 5270 est
1992 5243 2068 5257 —
2105 5213 2334 5270 facetus

2343 1440 2345 1467 ι
2408 1412 2620 1468 ‘lanilia
2679 1418 2783 1479 19,
2846 1417 2940 1471 58.

2367 773 2531 828 satis.
2614 771 2787 827 Brut.
2833 778 2937 837 70,
2984 772 3115 831 247.
3163 799 3225 811 -
3268 768 3361 827 De
3401 768 3670 846 Harusp.

2371 867 2525 923 resp.
2569 856 2595 902 1
2620 891 2636 917 ,
2679 856 2734 905 2.

2442 941 2779 998 Coum-,uus
2830 941 3153 998 Lam-utus
3201 939 3667 1005 ΜΑιιοειιικυε,

2371 1027 2652 1090 quaestor
2710 1039 2765 1072 a.
2823 1034 2883 1072 u.
2946 1036 2999 1073 c.
3045 1023 3176 1076 706.
3250 1014 3677 1072 Caesarianus.

2371 1093 2595 1149 Caesar
2661 1091 2793 1148 civ.
2862 1097 2930 1157 5,
2996 1098 3089 1150 62.
3174 1089 3360 1147 Oros.
3435 1093 3507 1158 6,·
3583 1098 3673 1149 15.

2373 1169 2556 1220 Publii
2595 1186 2962 1242 praenomen
3006 1169 3060 1223 ei
3098 1164 3312 1223 tribuit
3351 1166 3627 1242 Pighius.

2448 1261 2558 1320 Cn.
2589 1261 2981 1336 (Consanus)
3012 1260 3354 1325 Lem-utus,
3391 1258 3680 1316 tribunus

2414 1335 2454 1392 l.
2495 1348 2553 1392 et
2596 1356 2755 1393 anno
2796 1339 3076 1411 proximo
3115 1335 3365 1411 legatus.
3408 1335 3682 1411 prolege

3025 1410 3173 1482 Quis
3229 1411 3447 1477 fuerit,
3509 1429 3682 1467 nemo

2376 1491 2771 1562 interpretum
2840 1487 3033 1542 docet.
3141 1486 3420 1543 Plebeins
3491 1496 3679 1553 certe,

2376 1564 2659 1640 quoniam
2700 1561 2845 1618 trib.
2890 1562 2969 1637 pl.

2452 1656 2560 1712 Cn.
2587 1655 2910 1712 Lairmenos
2938 1654 3167 1713 Vax-u.
3226 1649 3379 1710 Eum
3411 1653 3528 1712 Cn.
3557 1653 3686 1711 Ne-

2375 1730 2505 1788 rius
2546 1731 2728 1787 index
2788 1739 2879 1798 (a.
2925 1749 2983 1785 n.
3029 1748 3081 1784 c.
3127 1730 3302 1797 698.)
3362 1729 3550 1785 edidit
3611 1729 3686 1786 ad

2348 1798 2662 1881 *allegatos
2722 1808 2879 1862 inter
2936 1807 3214 1861 conscios
3257 1816 3706 1879 corruptarum·

2378 1901 2487 1957 per
2526 1882 2594 1938 P.
2646 1881 2906 1937 Sestium
2960 1880 3246 1937 tribuum.
3326 1879 3401 1936 ad
3456 1880 3531 1952 Q.
3579 1880 3684 1936 Fr.

2379 1965 2434 2026 2,
2464 1964 2520 2023 3.
2554 1963 2608 2016 5.
2652 1983 2724 1997 -
2763 1956 2884 2013 Alii
2922 1954 3199 2012 scribunt
3233 1956 3492 2017 Vaccta3
3531 1954 3688 2010 idem

2381 2043 2472 2088 est
2511 2050 2750 2097 numen.
2830 2031 2982 2088 Vide
3025 2030 3260 2087 Schotti
3300 2029 3515 2106 Suppl.
3555 2032 3691 2087 An-

2383 2108 2502 2164 nal.
2546 2109 2720 2183 Pigh.
2767 2107 2841 2162 T.
2886 2112 2942 2166 5.
2986 2126 3047 2181 p.
3092 2111 3225 2165 566.

2457 2201 2530 2257 L.
2576 2201 2917 2258 Consanus
2963 2199 3286 2256 Len-ruzos
3329 2198 3525 2263 caus,
3583 2198 3686 2274 qui

2383 2275 2595 2332 consul
2636 2278 2748 2332 fuit
2787 2285 2927 2350 post
2965 2292 3102 2330 cum
3142 2274 3209 2331 C.
3252 2273 3575 2340 Marcello,
3622 2273 3687 2330 P.

2384 2352 2658 2408 Clodium
2708 2353 2921 2408 incesti
2972 2369 3141 2406 reum
3182 2352 3357 2413 fecit,
3415 2349 3691 2407 subscri-

2386 2425 2667 2483 bentibus
2721 2429 2833 2485 Cn.
2897 2437 2956 2481 et
2994 2425 3065 2481 L.
3113 2424 3406 2480 Lentulis.
3481 2423 3683 2481 Schol.

2358 2501 2536 2558 Bab.
2583 2505 2641 2558 in
2685 2501 2957 2558 Clodium
3014 2520 3073 2575 p.
3114 2505 3243 2560 536.
3286 2530 3360 2542 —
3399 2501 3457 2555 A
3494 2499 3688 2557 tribus

2385 2578 2655 2634 Lentulis
2715 2583 3061 2633 accusatum
3119 2594 3250 2632 esse
3304 2575 3372 2631 P.
3413 2574 3689 2632 Clodium

2388 2654 2573 2710 tradit
2632 2654 2808 2708 etiam
2862 2651 3138 2708 Valerius
3190 2651 3352 2707 Max.
3409 2653 3480 2717 4,
3527 2659 3590 2715 2,
3638 2654 3691 2707 5.

2389 2725 2879 2803 praenominibus
2903 2746 3027 2783 non
3048 2725 3285 2791 additis,
3312 2725 3471 2782 unde
3501 2728 3694 2782 inter-

2360 2821 2363 2863 l
2389 2815 2588 2878 pretes
2632 2806 2976 2879 cogitarunt
3015 2801 3087 2856 de
3124 2802 3189 2856 P.
3218 2800 3476 2860 Lentulo
3506 2800 3693 2874 Spin-

2391 2882 2556 2935 there
2578 2921 2590 2944 ,
2624 2878 2695 2934 L.
2727 2878 2986 2935 Lentulo
3015 2876 3239 2943 Crure,
3283 2876 3395 2933 Cu.
3430 2876 3693 2932 Lentulo

2392 2953 2746 3010 Marcellino
2806 2953 3093 3028 (Pighius
3148 2952 3220 3008 ad
3281 2972 3335 3007 a.
3378 2955 3512 3021 692.
3554 2954 3689 3011 693.

2389 3030 2602 3095 Varr.)
2672 3030 2796 3084 Iam
2864 3047 2938 3083 ex
2995 3026 3334 3084 Scholiasta
3400 3038 3565 3102 patet
3621 3026 3692 3082 P.

2392 3105 2645 3160 Lentulo
2689 3104 2997 3178 Spintheri
3040 3102 3521 3158 substituendum
3561 3118 3693 3156 essa

2392 3180 2462 3236 L.
2526 3181 2875 3243 Lentulum,
2942 3178 3272 3234 Flamiuem
3328 3177 3690 3234 Martialem.

2392 3255 2518 3312 Csr.
2561 3257 2741 3311 etiam
2782 3251 3067 3311 Wollium
3126 3254 3196 3309 ad
3255 3260 3407 3309 orat.
3455 3253 3527 3308 de
3567 3251 3697 3307 lta-

2392 3350 2554 3404 rusp.
2596 3349 2759 3404 resp.
2807 3336 2908 3395 17,
2952 3337 3072 3393 57.,
3119 3327 3219 3384 uhi
3249 3329 3541 3384 Lentulus
3584 3345 3696 3383 no-

2395 3410 2653 3461 minatur
2719 3407 2964 3480 „gravis
3014 3415 3223 3459 orator
3263 3424 3332 3460 ac
3374 3401 3698 3460 disertuS.''

2381 3485 2729 3537 Accusator
2797 3479 2990 3536 Clodii
3072 3477 3490 3551 significatur,
3572 3496 3696 3532 non

2397 3559 2737 3612 nominatur
2795 3556 2869 3613 ad
2929 3557 3052 3611 Au.
3115 3564 3182 3620 1,
3249 3562 3352 3622 16,
3412 3561 3465 3614 5.
3514 3587 3574 3596 -
3623 3552 3693 3607 L.

2396 3632 2683 3687 Lentulus
2740 3630 2894 3687 Crus
2956 3639 3199 3704 praetor
3255 3648 3308 3683 a.
3355 3649 3413 3685 u.
3461 3648 3517 3684 c.
3563 3632 3695 3686 696.

2395 3726 2506 3781 pro
2569 3706 2862 3762 Cicerone
2921 3705 2992 3761 L.
3051 3707 3329 3761 Pisonem
3391 3703 3700 3760 consulem

2394 3784 2750 3856 deprecatus
2811 3795 2920 3837 est.
2974 3783 3035 3836 in
3078 3782 3286 3836 Pison.
3336 3785 3442 3845 31,
3491 3786 3584 3838 77.
3632 3807 3700 3820 -

2397 3856 2690 3932 Repulsus
2750 3876 2803 3911 a.
2864 3876 2925 3912 u.
2988 3875 3041 3910 c.
3109 3861 3235 3914 705.
3294 3855 3356 3910 ιιι
3412 3855 3702 3930 petitione

2395 3932 2987 4003 Quindecimviratus
3030 3934 3225 4002 potius
3265 3950 3442 4005 quam
3475 3947 3700 3985 consu-

2395 4009 2571 4075 lalus,
2614 4020 2865 4082 propter
2905 4005 3126 4061 verba:
3171 4027 3334 4078 qcaam
3370 4013 3492 4076 ipso
3534 4003 3705 4075 dejfi-

2394 4085 2558 4135 dente
2617 4084 2955 4136 Dolabella!
3022 4083 3154 4157 (qtfi
3199 4080 3411 4137 XVvir
3454 4092 3578 4136 tum
3621 4079 3706 4134 sa-

2370 4169 2526 4214 ctus
2570 4159 2710 4231 est.)
2768 4158 3001 4213 Caelius
3050 4158 3122 4211 ad
3154 4157 3316 4212 Fam.
3360 4167 3415 4222 8,
3449 4159 3509 4220 4,
3545 4165 3599 4212 1.
3633 4183 3703 4196 —

2397 4235 2618 4291 Consul
2649 4235 2993 4303 designatus
3024 4252 3077 4285 a.
3112 4250 3169 4286 u.
3205 4252 3257 4287 c.
3296 4234 3424 4290 704.
3473 4229 3549 4286 ad
3576 4230 3702 4284 Au.

2393 4315 2450 4376 6,
2496 4317 2550 4376 8,
2598 4316 2650 4364 2.
2710 4309 2784 4363 ad
2827 4309 2989 4363 Fam.
3038 4315 3088 4372 7,
3137 4313 3192 4371 3,
3244 4317 3292 4362 1.
3334 4339 3407 4350 —
3448 4305 3519 4361 L.
3549 4304 3704 4360 Cor-

2397 4385 2586 4440 nelius
2645 4385 2933 4438 Lentulus
2996 4384 3147 4440 Crus
3202 4393 3259 4437 et
3302 4382 3371 4437 C.
3418 4380 3701 4438 Claudius

2395 4459 2716 4517 Marcellus
2776 4478 2933 4513 coss.
2998 4459 3139 4512 sacti
3204 4478 3254 4512 a.
3312 4475 3390 4529 u„
3437 4475 3489 4512 c.
3555 4460 3698 4518 7053

2394 4537 2841 4682 eq3}.:’.¹;¹¹2{';¹,
2867 4536 3185 4664 ..iffi-‘233³
3238 4531 3702 4664 iiefflgdssiioeff

2448 4632 2476 4665 8
2607 4631 2617 4643 '
2733 4632 2745 4646 ¹
2847 4631 2861 4661 )
2930 4631 2964 4664 l«
3126 4645 3140 4662 ο
3377 4649 3388 4660 -
3583 4647 3596 4660 ο
3686 4646 3698 4669 ,

2394 4693 2485 4744 50.
2525 4715 2584 4724 -
2620 4686 2697 4740 Iis
2729 4683 3115 4749 consulibus,
3155 4680 3443 4738 Kalendis
3485 4682 3704 4737 Ianua-

2395 4764 2524 4823 riis,
2569 4780 2703 4814 cum
2743 4759 3042 4816 labantem
3083 4767 3143 4814 et
3167 4776 3358 4834 prope
3387 4757 3703 4813 cadentem

2395 4856 2523 4892 rem
2565 4834 2862 4911 publicam
2905 4838 3114 4890 fulcire
3164 4844 3414 4908 cuperet
3455 4843 3702 4889 senatus

2395 4916 2627 4988 ipsique
2659 4912 2724 4967 C.
2756 4912 3034 4973 Caesari,
3083 4910 3133 4964 si
3174 4928 3320 4964 sana
3364 4920 3564 4964 mente
3606 4925 3703 4962 es-

2368 5040 2371 5045 ,,
2396 4999 2516 5056 set,
2581 4988 2896 5044 consulere
2941 4985 3150 5050 vellet,
3215 4995 3339 5039 tum
3383 4984 3465 5041 M.
3506 4985 3702 5039 Auto-

2395 5066 2530 5119 uius
2571 5063 2879 5119 venditum
2912 5072 3086 5138 atque
3116 5065 3560 5135 emancipatum
3588 5059 3701 5113 tri-

2368 5138 2687 5213 ,bimatum
2747 5138 3018 5195 consiliis
3079 5148 3324 5191 senatus
3392 5154 3427 5190 o
3476 5134 3695 5210 posuit.

2395 5215 2655 5290 Philipp.
2711 5222 2781 5285 2,
2825 5223 2931 5283 21,
2976 5219 3071 5272 51.
3122 5241 3183 5252 -
3231 5211 3427 5268 Lentu
3460 5230 3527 5266 us
3569 5225 3696 5266 eos.
