4367 6084
480 605 544 670 616
903 599 956 664 Μ.
979 594 1180 663 TULLIUS
1203 592 1390 661 CICERO.

476 758 614 824 putemus
633 745 710 810 lore,
733 743 821 799 etiam
836 741 928 796 vitam
943 737 1062 796 ellicere
1077 737 1130 793 de·
1160 738 1203 793 sic
1224 737 1303 822 euim
1321 736 1462 812 inscripsi
1480 763 1514 780 -
1533 736 1648 797 Sabinu
1661 749 1713 796 tuo
1725 757 1813 798 conr.

387 859 391 875 .
476 822 629 899 plorando
642 816 850 876 miseriorem?
878 815 1015 871 Fecimus
1029 816 1085 870 boc
1100 815 1130 868 iu
1161 811 1327 868 mendavr.‘'
1354 812 1484 870 adFatu.
1501 818 1545 879 15,
1558 813 1815 883 20,1.-,0ra.

377 948 381 958 .
477 916 515 955 eo
534 896 624 962 libro,
647 898 678 951 in
699 911 757 970 qno
777 901 894 947 nosmet
913 889 1012 964 ipsos,
1035 907 1132 966 quan·
1161 901 1256 945 torem
1275 905 1372 943 nteum
1391 900 1475 945 tauto
1495 907 1587 965 opere
1606 909 1623 945 a
1644 901 1673 945 te
1692 889 1816 964 (Lepta)

440 1038 442 1043 ¹
476 984 541 1030 tum
548 973 715 1104 potuimus,
731 966 877 1023 consolati
887 966 1018 1023 suanus.”
1039 966 1129 1022 Tusc.
1161 961 1629 1041 probari'rebemeutergaudeo.
1660 965 1817 1098 Mihiqui-

478 1057 546 1114 1‚s
1780 1061 1813 1096 ι-

478 1119 757 1197 lugendumairis?
781 1117 877 1193 qualis
897 1118 954 1173 fuit
973 1116 1011 1188 Q.
1033 1116 1133 1174 Maxi·
1162 1114 1278 1171 buerim
1305 1114 1406 1172 iudicii
1431 1114 1471 1171 ‘de
1498 1115 1585 1172 dicen
1608 1135 1641 1183 o,
1675 1119 1706 1172 in
1735 1116 1816 1175 illum

478 1216 545 1256 mus
565 1194 695 1252 efferens
714 1191 807 1250 filium
827 1192 1034 1250 consularem:
1056 1210 1133 1268 qua·
1163 1189 1273 1246 librum
1286 1191 1457 1248 contulisse.
1480 1188 1539 1263 Qui
1552 1193 1578 1248 si
1589 1204 1634 1250 est
1643 1191 1726 1259 talis,
1742 1210 1816 1269 qua-

479 1273 517 1331 lis
538 1272 574 1327 L.
595 1269 733 1335 Paullus,
761 1266 878 1325 duobus
903 1269 1007 1342 paucis
1029 1266 1132 1325 diebus
1164 1267 1219 1321 lem
1237 1263 1293 1321 tibi
1308 1266 1405 1322 rideri
1418 1264 1537 1343 scribis,
1558 1284 1613 1341 ego
1627 1285 1749 1345 quoque
1763 1268 1817 1324 ali-

480 1348 599 1403 amissis
626 1343 712 1401 filiis:
741 1343 836 1420 qualis
857 1343 898 1400 Μ.
921 1342 1012 1409 Cato,
1043 1361 1132 1418 prae·
1164 1340 1232 1417 quid
1246 1359 1330 1407 sum;
1352 1343 1399 1398 sin
1412 1342 1509 1408 aliter,
1530 1361 1591 1400 nou
1605 1361 1715 1400 recuso
1730 1346 1814 1419 quin,

479 1433 547 1478 tore
566 1421 722 1495 designato
736 1429 853 1475 mortuo
868 1417 947 1475 lilio:
968 1419 1070 1494 quales
1083 1436 1134 1474 rc·
1163 1426 1305 1492 quautam
1330 1416 1366 1473 de
1385 1417 1437 1473 illo
1457 1414 1554 1484 libro,
1583 1417 1763 1476 tantundem
1782 1417 1818 1475 de

479 1497 566 1572 liqui,
581 1513 656 1571 quos
671 1493 1134 1570 inconsolatiouecollegimus.”
1163 1491 1336 1548 meiiudicii
1354 1492 1647 1550 famedetrabatur.’'
1680 1494 1717 1551 ad
1733 1492 1817 1551 Fam.

481 1571 604 1628 Tuscnl.
620 1578 647 1637 5,
663 1577 710 1634 28,
727 1578 773 1630 70.
797 1598 828 1610 -
850 1567 949 1640 ,Sunt
963 1571 1061 1635 etiam,
1104 1571 1134 1625 ui
1161 1571 1191 1634 6,
1210 1572 1257 1632 18,
1276 1567 1303 1623 ll.
1323 1596 1360 1612 ·-
1379 1569 1436 1639 ,ln
1448 1567 1578 1626 Oratore
1591 1579 1644 1626 tuo
1657 1587 1749 1626 caves
1763 1567 1819 1626 tibi

479 1646 554 1703 baec
582 1648 682 1702 oannis
707 1663 817 1721 genera
846 1645 1023 1702 consolandi
1052 1589 1134 1701 colli·
1163 1662 1216 1718 per
1231 1642 1357 1699 Brutum
1374 1654 1403 1699 et
1415 1643 1451 1699 ad
1465 1645 1687 1702 exeusationem
1699 1646 1818 1702 socium

480 1731 571 1796 ganta
598 1721 674 1777 alius
694 1723 772 1776 euim
793 1720 850 1776 alio
870 1721 959 1778 modo
979 1730 1131 1776 movetur:
1164 1719 1313 1793 quaeris.'¹
1339 1720 1378 1776 A.
1395 1719 1536 1786 Caecina,
1551 1719 1588 1777 ad
1601 1719 1683 1776 Faru.
1697 1727 1727 1786 6,
1745 1727 1774 1785 7,
1788 1724 1815 1778 d.

479 1809 513 1854 ut
532 1798 595 1854 lere
617 1814 671 1851 nos
691 1797 721 1852 in
743 1795 956 1853 Consolatione
982 1799 1081 1852 omnia
1103 1798 1132 1851 in
1166 1824 1196 1835 —
1220 1794 1347 1851 Turres.
1388 1794 1452 1865 „Ut
1470 1797 1599 1869 primum
1618 1795 1704 1852 Velia
1730 1795 1818 1852 uari-

480 1872 715 1929 consolatiouem
736 1889 825 1927 unam
845 1873 1043 1940 coniecimus;
1069 1881 1135 1926 erat
1163 1889 1234 1945 gare
1251 1871 1347 1943 coepi,
1370 1871 1483 1926 institui
1501 1870 1614 1946 Topica
1631 1871 1817 1928 Aristotelea

480 1950 560 2005 euim
587 1948 618 2002 in
646 1956 761 2003 tumore
788 1948 905 2002 auiums
931 1957 960 2003 et
985 1948 1082 2002 omnis
1104 1949 1133 2002 iu
1163 1942 1366 2002 conscribere.
1404 1945 1445 2019 (a.
1467 1963 1497 2001 u.
1518 1963 1545 2001 c.
1567 1946 1647 2020 710.)
1682 1945 1759 2002 Eum
1779 1946 1818 2004 li-

478 2041 515 2081 eo
534 2020 707 2078 tentah'atnr
727 2024 853 2077 curatio.
885 2021 1009 2080 Tuscul.
1035 2029 1062 2088 5,
1084 2025 1131 2089 51,
1164 2020 1250 2077 brmu
1266 2018 1322 2077 tibi
1338 2023 1405 2078 misi
1422 2021 1545 2097 Rhagia,
1567 2024 1714 2096 scriptum
1729 2040 1818 2098 quam

479 2103 527 2164 76,
539 2127 576 2141 -
588 2097 817 2172 ,Aegritudiuis
828 2097 942 2154 sedatio
955 2109 983 2154 et
994 2102 1133 2155 hesterna
1183 2096 1335 2152 lenissime
1358 2114 1407 2153 res
1430 2097 1480 2153 illa
1501 2094 1595 2153 scribi
1614 2096 1739 2173 potuit.”
1777 2096 1818 2154 ad

478 2172 681 2246 disputatione
706 2173 853 2247 explicata
881 2183 928 2228 est
952 2182 982 2229 et
1005 2177 1035 2230 iu
1055 2172 1134 2230 Con·
1162 2115 1245 2229 bam.
1268 2181 1301 2239 7,
1325 2175 1376 2238 19,
1399 2182 1425 2230 1.
1446 2200 1485 2215 -
1503 2172 1549 2229 De
1567 2191 1681 2229 carsiae
1702 2190 1817 2230 utatur

478 2246 753 2334 solutionisllibro,
780 2267 868 2325 quem
888 2251 917 2304 iu
940 2249 1036 2306 medio
1058 2255 1133 2313 (non
1164 2265 1295 2334 nrcsaps.
1318 2246 1390 2318 „Me
1401 2249 1490 2314 scito,
1502 2247 1571 2304 dum
1581 2258 1613 2335 tq
1623 2245 1718 2335 absis,
1731 2249 1819 2325 quasi

478 2330 1135 2476 tttt.⁸².tl.”.¹:.‘,.ttt;¹?⁸autistiti
1163 2322 1820 2476 ἓὲξέ,’ἒῖῗῖι’ἳ,ἕῖ“,“ιῖἶῗὶ,ῗ,Ἰῖἳὲἑὶἳῷἳὶ

478 2472 685 2548 Chrysippus,
714 2474 751 2530 ad
772 2485 909 2532 recentes
933 2478 1019 2552 quasi
1039 2485 1136 2530 tutuo·
1163 2474 1229 2530 dem
1250 2474 1390 2540 fortasse,
1412 2491 1487 2550 quae
1507 2476 1594 2531 etiam
1614 2485 1646 2530 tu
1667 2475 1820 2531 concede·

476 2566 529 2605 res
548 2551 643 2605 animi
660 2549 825 2606 remedium
845 2549 1004 2617 adbibere,
1027 2550 1057 2606 id
1078 2568 1134 2606 nos
1163 2567 1230 2605 resa
1252 2548 1303 2604 sed
1322 2548 1458 2623 proxime
1475 2557 1514 2614 (a.
1526 2568 1555 2605 ιι.
1569 2568 1596 2605 c.
1609 2555 1685 2617 709.)
1706 2550 1820 2624 scripsi

477 2625 615 2691 leciarsus,
637 2635 821 2700 naturaeque
840 2627 901 2682 viui
918 2626 1079 2693 attulimus,
1102 2636 1133 2681 ut
1163 2623 1199 2680 de
1213 2627 1326 2698 optimo
1339 2624 1595 2700 generedicendi:
1613 2626 1644 2681 io
1656 2643 1716 2700 quo
1728 2642 1820 2700 saepe

476 2694 678 2770 magnitudini
698 2701 865 2757 medicinae
886 2700 999 2758 doloris
1021 2703 1135 2776 magui·
1162 2702 1330 2772 suspicatus
1350 2717 1416 2754 suin
1433 2709 1462 2755 te
1475 2720 1491 2756 a
1505 2700 1616 2756 iudicio
1636 2712 1753 2767 nostro,
1773 2702 1819 2756 sic

476 2775 550 2831 tudo
576 2776 786 2833 concederet.“
812 2807 849 2820 -
875 2776 921 2833 De.
942 2775 1130 2834 Senserunt.
1162 2776 1294 2842 scilicet,
1323 2784 1357 2831 ut
1378 2775 1669 2832 doctum'bominem
1691 2775 1730 2831 ab
1754 2793 1819 2832 nou

373 2924 375 2927 ι
477 2848 644 2922 ,Ouinium
668 2870 788 2918 rerum,
818 2871 855 2907 ex
885 2851 993 2930 quibus
1022 2851 1132 2929 aliquid
1162 2851 1300 2918 indocto,
1323 2850 1484 2924 paullulum
1502 2850 1659 2907 dissidere.
1690 2851 1771 2908 Huic
1786 2862 1818 2908 tu

476 2927 1046 3069 tillia’.t'sll.‚‘⁵itittl.lt:5
1057 2945 1133 3058 ..tt
1161 2925 1240 3068 lli?
1252 2926 1691 3077 3:322‘.1522”¹.:i.332l2’
1709 2944 1817 3058 31:23

570 1050 647 1111 ,83.
669 1073 704 1087 -
724 1041 849 1115 ,Quint
876 1041 927 1118 qui
947 1059 1007 1097 nou
1027 1051 1133 1116 putant
1162 1040 1292 1126 ἀοιιιιείς
1311 1039 1496 1112 persuadeo,
1514 1059 1572 1107 me,
1635 1040 1738 1117 idquid

475 3075 596 3132 bomine
622 3076 719 3133 libero
744 3079 879 3156 dignius:
912 3080 948 3136 de
975 3097 1032 3166 qua
1060 3096 1134 3155 quo·
1160 3079 1230 3143 tuis,
1254 3088 1284 3133 ut
1304 3096 1383 3145 eum,
1404 3080 1431 3134 si
1451 3077 1560 3144 velint,
1583 3076 1757 3134 describant
1776 3076 1816 3134 ad

475 3154 557 3209 niam
588 3154 618 3208 iu
650 3153 763 3209 Catone
796 3157 909 3211 maiore
938 3164 1011 3212 setas
1041 3153 1131 3208 multa
1161 3155 1390 3228 tequemittaut.
1420 3154 1816 3218 Putoenim,etiamsiresn

475 3226 617 3295 diximus,
638 3228 722 3285 illinc
742 3247 886 3294 assumes,
909 3249 985 3306 quae
1002 3229 1131 3285 adhunc
1161 3232 1257 3284 miuus
1279 3228 1437 3302 probaris,
1459 3238 1558 3286 tamen
1579 3231 1610 3284 in
1630 3231 1686 3284 ista
1708 3227 1817 3283 solitu-

474 3301 574 3359 loc'um
601 3303 825 3378 pertinebunt.¹’
866 3304 902 3361 de
923 3304 1011 3362 Offic.
1036 3315 1062 3369 1,
1082 3306 1129 3370 te,
1161 3303 1239 3371 diue,
1263 3305 1746 3381 quidquidameproiectumait,
1767 3304 1817 3358 iu·

476 3378 708 3437 tit-Caro.
738 3378 807 3436 Vid.
826 3378 980 3436 Onomast.
997 3399 1024 3437 s.
1040 3399 1069 3436 v.
1086 3380 1127 3436 M.
1161 3379 1466 3436 cundumtilrifore.'’
1493 3381 1530 3437 ad
1545 3377 1741 3438 Cornificium
1752 3378 1819 3436 col-

475 3453 604 3510 Poacma
621 3453 932 3529 crastinantem.
948 3459 1064 3513 1191-
1084 3455 1130 3512 Da
1160 3453 1266 3523 legam,
1288 3455 1326 3511 ad
1340 3456 1422 3512 Fam.
1442 3462 1486 3523 12,
1504 3464 1548 3519 17,
1563 3463 1591 3512 2.
1616 3485 1647 3498 ·-
1669 3453 1817 3511 Laeuus.

475 3527 633 3586 Osaroan.
675 3528 816 3604 ,Scripsi
835 3530 1013 3588 Aristotelio
1034 3549 1128 3597 more,
1159 3528 1226 3600 ,De
1241 3532 1369 3588 amicitia
1384 3531 1444 3588 elio
1462 3530 1541 3587 libro
1558 3529 1743 3595 dictumest,
1764 3529 1818 3606 qui

475 3604 723 3679 quemadmodum
744 3605 983 3681 quidemvolni,
1015 3615 1076 3662 tres
1097 3606 1130 3662 li·
1159 3603 1336 3661 inscribitur
1348 3607 1498 3663 Laelius.'’
1518 3605 1554 3662 de
1569 3603 1659 3663 offic.
1677 3612 1706 3672 2,
1724 3610 1752 3671 9,
1769 3609 1817 3664 dt.

474 3675 547 3734 bros
562 3682 593 3734 in
606 3679 808 3753 disputatione
824 3699 859 3736 ac
872 3681 991 3752 dialogo
1005 3681 1041 3737 dc
1055 3680 1131 3737 Ora·
1161 3711 1187 3724 -
1215 3679 1395 3737 Dscnoam.
1425 3679 1818 3755 „Nuncdicamusdeglo-

473 3763 559 3832 tore,
590 3773 665 3830 quos
691 3754 825 3812 arbitror
845 3755 974 3812 Lentulo
995 3767 1045 3812 tuo
1065 3756 1129 3812 sore
1158 3758 1222 3812 ria:
1249 3773 1427 3833 quamquam
1449 3777 1483 3815 ea
1506 3775 1623 3833 quoqne
1644 3755 1680 3814 de
1702 3755 1817 3811 reduc

474 3846 536 3885 nou
557 3830 686 3885 inutiles.
719 3827 895 3886 Abhorrent
914 3833 993 3887 enim
1014 3851 1030 3887 a
1051 3848 1130 3887 com·
1158 3842 1227 3887 sunt
1251 3839 1345 3887 nostri
1365 3831 1462 3892 libri.”
1494 3833 1531 3889 de
1552 3830 1641 3889 Ollio.
1663 3839 1691 3897 2,
1713 3835 1743 3896 9,
1764 3833 1814 3888 51.

473 3901 613 3960 munibus
634 3909 814 3980 praeceptis,
837 3917 924 3983 atque
944 3924 1129 3962 omneman·
1162 3937 1191 3948 -
1223 3906 1269 3962 Dr
1296 3924 1469 3964 corsunaru
1495 3927 1558 3965 auo.
1603 3907 1819 3978 ,Placituruua

473 3981 626 4055 tiquorum
646 3990 675 4035 et
688 3980 894 4037 Aristoteliam
912 3992 941 4037 et
953 3982 1128 4037 Isocratiam
1159 3981 1212 4038 tibi
1226 3998 1291 4037 esse
1304 3981 1414 4039 librum
1427 4001 1524 4039 meum
1538 3982 1740 4057 suspicabare
1753 3993 1818 4048 taut

472 4056 621 4109 rationem
660 4059 825 4112 oratoriam
857 4056 1129 4131 coanplectuutur.”
1158 4056 1245 4113 valde
1264 4056 1429 4130 placuisse,
1452 4076 1539 4134 quam
1560 4056 1668 4114 scribis
1689 4058 1817 4133 (ιω.

473 4127 510 4183 ad
531 4128 614 4183 Fam.
638 4135 664 4196 1,
686 4133 715 4195 9,
734 4137 779 4190 25.
799 4163 836 4176 -
855 4131 1024 4203 „Quoniam
1045 4141 1128 4188 tanta
1159 4135 1239 4200 699.)
1260 4131 1344 4187 valde
1364 4133 1488 4208 gaudeo.
1531 4131 1619 4205 Quod
1642 4151 1688 4188 use
1709 4132 1818 4189 admo-

473 4203 542 4259 laex
561 4214 608 4259 est
626 4206 658 4259 in
678 4204 762 4271 urbe,
784 4215 818 4262 ut
837 4208 909 4264 nihil
927 4220 986 4264 tam
1002 4209 1130 4265 sitoixti·
1159 4225 1212 4264 nes
1238 4208 1274 4262 de
1301 4219 1403 4264 nostra
1427 4209 1540 4266 Urania
1567 4208 1752 4285 suadesque,
1783 4217 1819 4263 ut

473 4281 588 4350 θηρον,
609 4280 687 4354 qood
709 4300 767 4336 nou
789 4282 878 4339 alicui
892 4294 1050 4339 venustum
1064 4300 1129 4339 esse
1159 4285 1344 4339 ruerrrinerim
1363 4283 1445 4339 Iovis
1465 4286 1649 4351 orationem,
1672 4300 1749 4359 quae
1770 4293 1819 4338 est

473 4352 631 4408 uideatur:
663 4373 780 4430 pugna,
814 4361 839 4414 si
865 4377 911 4413 me
939 4377 1037 4425 arnas,
1070 4360 1129 4414 uisi
1159 4362 1190 4415 in
1207 4368 1340 4414 extremo
1354 4358 1404 4414 illo
1419 4358 1514 4414 libros
1535 4378 1590 4435 ego
1604 4378 1678 4415 vern
1692 4358 1820 4415 memini

475 4438 562 4483 acuta
590 4432 780 4509 apameam,
807 4436 866 4488 nisi
891 4433 1012 4507 elegans
1038 4435 1129 4508 ὑπερ-
1159 4443 1189 4489 et
1208 4435 1256 4491 illa
1275 4435 1372 4489 omnia
1390 4435 1461 4491 mihi
1481 4438 1575 4510 magis
1595 4437 1706 4510 scripsi
1725 4450 1818 4511 quam

423 4545 425 4548 Α
473 4505 569 4586 (tritri.
597 4505 655 4559 nisi
674 4507 896 4584 παράγραμμα
916 4508 1042 4573 bellum,
1071 4510 1130 4567 nisi
1160 4510 1297 4566 ceteris.”
1324 4508 1360 4563 ad
1381 4508 1418 4580 Q.
1439 4510 1490 4567 Fr.
1513 4519 1541 4577 2,
1565 4518 1593 4576 9,
1617 4517 1644 4566 1.
1665 4541 1704 4554 -
1723 4507 1818 4580 ,Quo

475 4574 637 4633 ridiculum
663 4582 750 4653 παρὰ
770 4583 974 4654 προσδοκίαν,
1002 4588 1059 4642 nisi
1080 4606 1130 4642 ee·
1160 4588 1259 4659 potius
1273 4596 1341 4640 utar
1354 4596 1404 4640 aut
1419 4597 1541 4642 auctore
1555 4597 1605 4643 aut
1618 4596 1704 4653 teste,
1726 4602 1819 4661 quant

475 4658 551 4716 tera,
574 4671 649 4728 quae
669 4667 738 4711 sunt
758 4675 774 4711 a
795 4674 841 4712 me
858 4660 887 4713 in
906 4662 1038 4717 secundo
1053 4660 1131 4717 libro
1159 4662 1212 4716 te?
1240 4663 1324 4716 cuius
1347 4660 1454 4717 edidici
1476 4660 1535 4734 (Q.
1557 4660 1819 4737 interloquitur)

476 4724 513 4780 de
527 4723 656 4784 Oratore
677 4749 731 4804 per
747 4731 872 4788 Antonii
892 4753 1052 4808 personam
1068 4739 1131 4794 dis·
1160 4738 1248 4792 etiam
1263 4753 1377 4799 versus,
1400 4747 1429 4792 et
1443 4733 1571 4796 libenter
1607 4738 1716 4801 uidem,
1737 4752 1818 4811 qnos

476 4808 578 4873 putata
600 4802 635 4858 de
655 4805 806 4873 ridiculis,
829 4805 954 4885 ἔντεχνα
975 4820 1005 4866 et
1024 4826 1130 4886 arguta
1160 4815 1189 4868 in
1208 4813 1341 4867 secundo
1358 4812 1394 4868 de
1414 4758 1708 4872 Consulatablrauia
1728 4828 1818 4866 mua

477 4877 679 4948 ⁸l‘l'21'0bunl.
705 4890 738 4936 ut
757 4896 944 4940 sacramento
966 4888 1130 4945 contendas
1158 4889 1355 4963 pronuntiate
1377 4888 1519 4957 Principio
1537 4888 1662 4941 astiteris
1674 4887 1819 4958 flamme-

477 4965 542 5004 mea
563 4971 623 5008 uon
645 4955 805 5025 esse.”,ad
822 4957 903 5014 Fam.
926 4968 952 5027 7,
974 4967 1022 5030 5¹2,
1043 4969 1071 5019 2.
1096 4992 1127 5005 -
1158 4973 1205 5015 tua
1227 4965 1354 5034 Iuppiter
1378 4969 1440 5032 igni
1466 4973 1523 5019 cet.
1570 4964 1607 5020 de
1625 4962 1759 5019 Divinat.
1786 4968 1815 5028 1,

427 5056 430 5062 -
475 5050 514 5066 -
534 5021 671 5085 Ouarna.
715 5031 803 5117 ,Hoc
831 5032 1030 5107 (Oratorem)
1063 5057 1128 5136 suqt¹
1158 5048 1206 5106 11,
1227 5046 1271 5098 17.
1301 5037 1364 5096 Cir.
1384 5038 1420 5093 ad
1437 5039 1499 5094 Att.
1516 5046 1544 5106 1,
1561 5046 1607 5105 19,
1624 5042 1669 5095 tu.
1692 5045 1722 5104 2,
1736 5039 1814 5102 5,.5.

475 5115 650 5245 mittit,
665 5116 775 5239 335²?
783 5108 1124 5258 ‚Sitttltllt
1155 5111 1815 5266 is..¹⁵.‘.i...⁶.:.2ffii·st,ii’alfii}
