4367 6084
1791 616 2144 686 AGoms
2189 652 2271 664 —
2311 616 2585 684 AIAX.

917 764 1165 823 Aeonis
1205 760 1607 838 Lilybaetana
1629 805 1646 831 ,
1708 758 1923 819 liberta
1971 759 2173 817 Vene-

834 842 933 900 ris
952 841 1302 915 Erycinae3
1334 840 1419 897 ini
1507 857 1543 896 ε
1568 847 1823 895 tractata
1855 856 1886 894 a
1915 835 1991 910 Q.
2020 835 2173 894 Cae-

838 917 991 977 cilio
1029 916 1265 989 Nigro,
1310 915 1379 974 C.
1481 917 1641 973 erris
1667 924 2010 992 quaestore.
2060 911 2172 968 Di-

838 996 1039 1051 vinat.
1087 1000 1199 1060 17,
1250 995 1347 1051 ⁵5.

916 1097 1363 1153 Acone-ms
1388 1097 1724 1154 statuarius
1744 1139 1759 1161 ,
1788 1094 2040 1153 Phidiae
2076 1095 2172 1154 di-

836 1172 1145 1248 scipulus.
1215 1170 1419 1229 Varro
1464 1170 1572 1229 Fr.
1614 1190 1674 1248 p.
1717 1171 1849 1232 554.
1899 1170 2036 1247 Bip.

917 1286 992 1342 P.
1048 1285 1397 1352 Aenasms,
1470 1283 1871 1360 publicanus,
1940 1288 2170 1345 amicus
2195 1290 2205 1321 ·“

840 1361 1176 1418 Varronis.
1246 1359 1449 1418 Varro
1491 1360 1617 1418 BR.
1666 1371 1719 1429 1,
1764 1372 1834 1429 2,
1888 1367 1942 1419 1.

922 1475 1167 1532 Acuti
1233 1472 1574 1553 (Ἀγραῖυι)
1630 1474 1905 1532 Aetoliae
1965 1476 2165 1541 natio,

847 1569 981 1609 nou
1018 1549 1293 1619 Graeca,
1350 1551 1656 1626 Dolopum
1693 1551 1906 1608 vieini.
1962 1553 2027 1608 in
2065 1550 2171 1609 Pi-

845 1700 1134 1774 Thucyd.
1191 1701 1333 1758 vol.
1367 1710 1423 1761 2.
1467 1722 1530 1777 p.
1581 1703 1709 1760 149.
1751 1700 1827 1743 -·’
1866 1704 2170 1768 (Aenus-u

848 1781 915 1835 iu
951 1777 1081 1835 Pis.
1134 1784 1244 1843 57,
1294 1783 1392 1837 91.
1455 1788 1599 1833 sunt
1644 1776 1852 1852 populi
1905 1778 2173 1834 Thessa-

846 1854 988 1911 lite.
1073 1851 1196 1910 Sed
1236 1872 1352 1928 pro
1393 1855 1581 1930 genit.
1626 1857 1982 1923 Agrinarum
2008 1854 2173 1910 Tur-

851 1928 1011 1986 nebo
1053 1934 1385 1998 Agrianum
1443 1927 1676 2004 placet,
1731 1930 1904 1985 euius
2005 1927 2172 2003 opuli

850 2004 1663 2141 :respuentes-
1677 2002 1831 2140 ’1:³¹¹‘i
1853 1948 2173 2149 ..ἕ

848 2156 1091 2213 mallem
1112 2199 1126 2222 ,
1161 2157 1214 2212 si
1242 2156 1386 2233 quid
1428 2122 1800 2212 mutaiidum.
1830 2155 1988 2212 Nam
2021 2173 2172 2243 pro-

846 2236 987 2308 pius
1027 2233 1267 2288 accedit
1305 2232 1380 2289 ad
1407 2230 1752 2305 volgatum,
1801 2242 1861 2287 et
1890 2240 1980 2287 est
2016 2232 2171 2289 idem

934 2307 1142 2384 pulus.
1204 2325 1264 2364 v.
1334 2306 1712 2383 Stephanum
1772 2309 1835 2363 in
1884 2305 1945 2365 'A
1986 2308 2166 2380 ριάις.

844 2329 1004 2441 Ex.
1078 2382 1203 2440 cfr.
1232 2386 1413 2441 etiam
1457 2381 1800 2458 Schweigh.
1848 2382 1922 2438 ad
2001 2380 2167 2456 olyb.

846 2468 943 2526 17,
994 2465 1058 2526 5,
1113 2464 1195 2526 8.,
1255 2461 1362 2537 qui
1407 2459 1747 2535 Agrianes,
1794 2459 2066 2536 Agraos,
2112 2468 2172 2515 et

848 2536 1131 2612 Agraeos
1166 2554 1282 2611 pro
1330 2534 1547 2592 iisdem
1595 2532 1792 2591 habet.

922 2651 1337 2708 Ammonius
1377 2669 1429 2706 s.
1477 2650 1880 2706 Aeuom-u
1932 2657 2166 2724 portae.

851 2727 1033 2784 Tuse.
1074 2732 1146 2793 5,
1175 2732 1250 2788 23
1272 2770 1288 2794 ,
1328 2727 1425 2785 64.
1459 2736 1672 2800 portae
1703 2723 2167 2797 Syracusarum,

854 2821 1008 2880 quae
1034 2799 1434 2859 imminebant
1473 2802 1644 2864 viae,
1691 2818 1840 2876 quae
1868 2801 2172 2876 Agrigen-

854 2890 975 2934 tum
1020 2876 1278 2935 ferebat.
1321 2876 1474 2933 Eas.
1557 2874 1657 2933 Al.
1713 2875 1926 2932 melius
1966 2874 2173 2952 legunt

856 2958 1293 3011 Acnnnuut.

924 3073 1345 3127 Acmen-run
1362 3064 1434 3122 de
1454 3077 1671 3123 senatu
1686 3067 2025 3142 cooptando
2042 3065 2174 3123 Sci-

857 3147 1060 3221 pionis
1092 3144 1387 3209 (Africani
1410 3144 1687 3209 maioris)
1711 3142 1873 3218 leges
1894 3146 2170 3218 antiquas

854 3221 1120 3287 liabent,
1171 3223 1233 3275 in
1268 3216 1490 3295 quibus
1529 3221 1703 3274 etiam
1746 3219 1859 3276 hoc
1897 3230 2170 3275 sanctum

856 3310 975 3355 est:
1035 3316 1174 3352 cum
1210 3296 1750 3370 Agrigentinorum
1792 3297 1908 3352 duo
1949 3314 2172 3370 genera

858 3378 992 3438 sint,
1012 3390 1203 3428 unum
1222 3382 1514 3436 veterum,
1530 3370 1778 3426 alterum
1798 3371 2175 3436 colonorum,

857 3470 1002 3526 quos
1031 3448 1109 3504 T.
1144 3446 1409 3503 Manlius
1437 3444 1639 3512 (Livio
1668 3453 1763 3512 27,
1794 3453 1888 3509 56.
1937 3447 2003 3502 C.
2043 3446 2174 3503 Ma-

855 3526 1082 3591 milius)
1126 3535 1372 3597 praetor
1414 3541 1469 3577 a.
1505 3540 1562 3576 u.
1597 3540 1649 3578 c.
1695 3528 1824 3580 527.
1872 3542 1946 3578 ex
1987 3522 2053 3579 S.
2098 3522 2170 3579 C.

857 3601 924 3656 de
977 3598 1227 3674 oppidis
1285 3597 1634 3653 Siculorum
1689 3598 1933 3655 deduxit
1989 3598 2175 3672 Agri-

857 3689 1098 3751 gentum
1125 3715 1141 3738 ,
1206 3686 1447 3730 cautum
1501 3684 1592 3728 est
1634 3675 1693 3729 iu
1737 3673 2045 3748 Scipionis
2086 3674 2177 3729 le-

860 3752 1065 3823 gibus,
1130 3768 1204 3805 ne
1253 3749 1460 3824 plures
1503 3760 1703 3804 essent
1742 3752 1803 3806 in
1846 3762 2059 3805 senatu
2101 3769 2175 3805 ex

860 3828 1219 3884 colonorum
1286 3843 1539 3880 munero
1604 3844 1778 3900 quam
1839 3846 1913 3881 ex
1974 3837 2176 3881 vetere

866 3904 1427 3979 Agrigentinorum.
1512 3900 1688 3957 Vei-r.
1753 3903 2039 3958 Accusat.
2104 3911 2136 3958 2
2161 3944 2176 3966 ,

865 3986 964 4040 50.
1023 3984 1160 4040 125.
1213 4007 1290 4019 -
1345 3975 1416 4031 In
1455 3976 1831 4032 Plialarideni
1892 3980 2175 4032 universa

868 4054 1408 4127 Agrigentinorum
1440 4051 1753 4108 multitudo
1785 4056 2067 4128 impetum
2099 4054 2180 4108 fe-

869 4135 965 4185 eit.
1022 4129 1097 4185 de
1140 4126 1267 4184 Off.
1312 4133 1370 4191 2,
1420 4135 1472 4193 7,
1519 4133 1610 4185 26.
1657 4160 1721 4170 —
1766 4130 2174 4205 Agrigentini,

870 4207 1180 4261 fortissimi
1211 4205 1331 4259 viri
1351 4245 1366 4268 ,
1409 4200 1851 4278 diligentissimi
1881 4216 2174 4260 aratores.

872 4281 1041 4336 Verr.
1112 4281 1404 4335 Accusat.
1455 4285 1523 4342 5,
1573 4282 1679 4343 43,
1736 4286 1861 4337 103.
1916 4311 1975 4322 —
2022 4281 2179 4336 Pha-

870 4357 1071 4412 laridis
1115 4368 1365 4421 taurus,
1429 4353 1662 4410 ablatus
1718 4376 1750 4410 a
1791 4357 2181 4432 Karthagini-

871 4432 1114 4489 ensibus
1142 4476 1156 4498 ,
1221 4431 1414 4488 deleta
1468 4431 1838 4506 Karthagine
1876 4434 2181 4504 Agrigen-

871 4521 1003 4564 tinis
1047 4510 1366 4564 restitutus
1408 4527 1438 4562 a
1468 4507 1540 4562 P.
1573 4507 1861 4582 Scipione
1889 4509 2180 4563 Africano

872 4588 1119 4641 minore.
1168 4584 1351 4640 Verr.
1398 4582 1686 4639 Accusat.
1730 4584 1786 4650 4,
1832 4589 1927 4649 33,
1974 4587 2065 4642 73.

937 4693 1349 4746 :tenena-uu
1373 4730 1385 4752 ,
1461 4687 1745 4762 oppidum
1813 4687 2057 4744 Siciliae
2118 4688 2180 4741 in

876 4770 1158 4822 maritima
1201 4785 1313 4821 ora
1362 4781 1576 4819 versus
1619 4762 1953 4821 meridiem.
2001 4763 2177 4818 Verr.

879 4847 1080 4898 Aecus.
1114 4850 1170 4908 2,
1205 4845 1302 4905 26,
1334 4843 1430 4899 65.
1478 4836 1572 4894 Ib.
1606 4839 1662 4907 4,
1694 4846 1789 4905 12,
1818 4845 1916 4899 27.
1947 4837 2183 4895 Aescu-

880 4917 1004 4991 lapii
1032 4920 1240 4974 fanum
1270 4928 1330 4972 et
1359 4913 1643 4971 Herculis
1684 4915 1970 4990 templum
1997 4913 2185 4990 Agri-

882 4996 1023 5063 genti
1053 5015 1084 5050 a
1116 4994 1311 5050 Verre
1344 4988 1625 5069 spoliata.
1670 4988 1849 5047 Verr.
1892 4990 2179 5047 Accusat.

888 5073 941 5127 ’1.
982 5072 1081 5135 33.
1125 5074 1200 5129 95
1241 5080 1302 5125 ει
1344 5073 1444 5125 951.
1502 5089 1575 5105 -
1626 5064 1718 5123 nii
1759 5084 1895 5123 cum
1929 5068 2186 5140 tyranni

890 5159 1099 5213 essent,
1136 5145 1302 5202 nulla
1333 5155 1470 5200 erat
1498 5160 1598 5199 res
1626 5140 1889 5229 publica.
1933 5143 2005 5198 de
2035 5141 2182 5215 Rep.

893 5226 945 5288 5,
988 5228 1091 5292 55,
1140 5227 1235 5283 315.
1296 5221 1388 5278 Ibi
1445 5227 1856 5296 negotiatores
1909 5218 2186 5275 Romani.

3461 622 3545 688 2⁵

2230 758 2411 816 Verr.
2457 759 2746 816 Accusat.
2788 764 2846 828 2,
2888 762 2984 829 62,
3017 765 3149 821 155.
3199 769 3261 804 ’-
3305 760 3550 821 Dicitur

2232 833 2507 910 Acragas
2547 845 2609 891 et
2643 837 2918 921 Agragas
2960 834 3032 892 de
3078 835 3338 893 Graeco.
3397 838 3548 895 Eius
3621 886 3625 891 ,

2229 908 2400 966 urbis
2429 913 2881 968 accuratissima
2912 910 3240 987 descriptio
3267 924 3360 970 est
3384 912 3548 990 apud

2231 964 2550 1059 Polybium
2588 985 2660 1043 1..
2699 991 2758 1053 9,
2801 992 2893 1047 27.
2935 986 3084 1044 Em«.

2303 1080 2585 1136 Acamas
2628 1079 2780 1137 falsa
2825 1079 3008 1136 lectio
3055 1083 3117 1138 in
3159 1082 3283 1139 Pis.
3314 1089 3411 1151 57,
3444 1087 3542 1143 91.

2193 1220 2194 1233 ¹
2230 1173 2345 1229 pro
2390 1154 2665 1222 Ασιιᾼεις
2709 1153 2815 1211 ubi
2856 1156 3016 1212 vide.

2307 1246 2375 1305 C.
2419 1249 2684 1315 Aonius,
2750 1267 2948 1329 eques·
2975 1249 3115 1315 Ro„
3161 1248 3538 1319 Socraticus,

2229 1323 2531 1381 Varronis
2576 1325 2829 1382 amicus.
2881 1324 3078 1382 Varro
3115 1325 3239 1382 RR.
3286 1340 3338 1394 1,
3383 1335 3440 1394 2,
3486 1338 3541 1386 1.

2303 1416 2376 1473 L.
2422 1418 2687 1484 Aemus,
2743 1435 2927 1504 eques
2968 1418 3311 1488 Romanus,
3371 1423 3543 1478 testis

2230 1494 2291 1549 in
2331 1511 2514 1550 causa
2556 1491 2785 1550 Flacci.
2846 1514 2960 1570 pro
3014 1493 3235 1552 Flacco
3290 1501 3393 1561 15,
3446 1501 3543 1557 51.

848 1646 985 1684 ⁸0⁰,
1029 1632 1138 1693 57⁹
1171 1633 1265 1684 9¹,
1310 1625 1519 1705 ibique
1546 1626 1756 1683 Gam-
1797 1624 1925 1684 cfr·
1958 1627 2088 1702 Pop
2092 1643 2170 1702 1²⁰
2193 1599 2206 1671 ¹2
2304 1586 2379 1643 T.
2405 1586 2669 1644 Acusms
2709 1605 2956 1659 „comes
2998 1606 3164 1643 meus
3194 1588 3298 1645 illo
3326 1591 3545 1646 miser-

2230 1664 2385 1720 rimo
2424 1673 2694 1737 tempore
2739 1673 2798 1719 ει
2819 1665 3087 1720 omnium
3117 1665 3401 1720 itinerum
3428 1684 3542 1723 na-

2229 1739 2623 1811 vigationum,
2652 1735 2928 1794 laborum
2947 1737 3361 1813 periculorum
3379 1758 3547 1798 meo-

2232 1831 2363 1869 rum
2396 1812 2665 1878 socius,’'
2698 1814 3154 1870 commendatur
3176 1813 3244 1870 Ρ.
3260 1813 3544 1873 Servilio.

2231 1888 2306 1947 ad
2345 1887 2512 1945 Fam.
2564 1893 2670 1955 15,
2716 1894 2811 1949 71.

2306 1982 2713 2039 Aorninsnsis
2759 2000 2905 2058 ager
2947 1983 3008 2039 in
3056 1981 3282 2040 Sicilia.
3361 1983 3544 2042 Verr.

2231 2058 2519 2115 Accusat.
2563 2062 2633 2126 3,
2678 2067 2784 2126 18,
2828 2061 2924 2117 47.

2304 2162 2724 2219 Aemus-sss
2743 2204 2758 2228 ,
2803 2162 3079 2219 homines
3104 2163 3341 2220 honesti
3368 2175 3428 2221 et
3452 2162 3547 2220 lo-

2231 2238 2521 2314 cupletes.
2592 2236 2770 2295 Verr.
2813 2237 3100 2294 Accusat.
3149 2241 3221 2306 5,
3262 2243 3368 2307 51,
3414 2247 3544 2297 120.

2305 2333 2624 2398 Aonium,
2669 2332 2955 2407 oppidum
2985 2328 3225 2389 Siciliae
3266 2352 3457 2408 prope
3483 2316 3548 2390 fl.

2232 2406 2656 2481 Symaethum:
2698 2419 2790 2463 est
2822 2410 2883 2464 in
2920 2409 3130 2481 primis
3168 2409 3417 2466 honesta
3458 2410 3551 2466 ci-

2230 2486 2386 2540 vitas
2426 2483 2702 2549 Siciliae,
2752 2484 3062 2540 hominum
3102 2495 3241 2542 ante
3282 2484 3350 2542 C.
3392 2484 3550 2540 Ver·

2231 2577 2361 2616 rem
2421 2570 2761 2633 praetorem
2824 2559 3211 2633 locupletium
3276 2578 3550 2616 summo-

2231 2646 2837 2767 ἷ.“ἶ.“.““ξ.“ἲξ.ἶζἷῗἿέἴὲῗῗε
2864 2633 3548 2777 Ἴδὲἓῗάἶὲἓὲέἴῗῗῖ

2231 2792 2303 2845 27
2326 2828 2341 2854 ,
2391 2790 2487 2845 67.

2306 2892 2537 2947 Anam
2577 2887 2743 2945 vide:
2792 2886 3117 2945 Seavxuos
3154 2889 3406 2945 Auni.

2306 2994 2507 3061 Aiax,
2572 2990 2919 3049 Telamonis
2965 2989 3159 3060 filius;
3217 2993 3371 3068 apud
3418 2992 3549 3049 Ho-

2234 3088 2461 3125 merum
2499 3067 2889 3199 progzeditur
2930 3067 3112 3123 multa
3153 3086 3287 3124 eum
3335 3069 3547 3126 hilari·

2232 3156 2386 3211 tate,
2466 3163 2599 3200 eum
2709 3163 2739 3200 e
2786 3162 2824 3198 u
2868 3155 3119 3200 naturus
3182 3155 3339 3201 esset
3411 3163 3548 3200 cum

2234 3221 2515 3278 Hectore.
2593 3163 2862 3277 Tuscpul.g
2888 3225 2955 3285 ἰ1,
2998 3225 3105 3286 22,
3149 3223 3244 3280 49.
3276 3250 3348 3265 —
3388 3220 3549 3276 Aiax

2235 3315 2369 3353 cum
2422 3296 2686 3353 Hectore
2729 3294 3157 3368 congrediens.
3237 3294 3543 3366 Fragmin.

2236 3392 2295 3447 p.
2326 3375 2458 3430 1188.
2488 3402 2563 3416 -
2602 3372 2760 3426 Aiax
2787 3371 3144 3428 Homericus
3166 3371 3323 3446 apud
3344 3371 3550 3429 Achil-

2236 3450 2347 3504 lem
2379 3465 2641 3523 querens
2670 3447 2742 3501 de
2768 3448 3080 3504 ferocitate
3105 3446 3545 3505 Troianorum:

2237 3524 2308 3580 de
2341 3523 2547 3580 Divin.
2598 3532 2666 3585 2,
2709 3527 2802 3588 59,
2831 3530 2921 3581 82.
2982 3523 3247 3598 σφάλμα
3296 3545 3551 3602 μνημο-

2235 3596 2406 3659 νικὸν
2446 3617 2557 3674 pro
2588 3601 2773 3651 Ulixe.
2829 3596 2999 3653 Iliad.
3030 3601 3090 3664 9,
3134 3601 3262 3657 236.
3299 3628 3361 3640 —
3391 3600 3553 3656 Aiax

2238 3676 2461 3733 iudicio
2503 3676 2846 3744 iniquorum
2890 3683 3359 3730 circumventus.
3419 3674 3548 3730 Tu-

2237 3751 2386 3807 scul.
2474 3762 2496 3806 1
2524 3792 2538 3816 ,
2608 3751 2715 3816 lu,
2794 3752 2887 3806 98.
2971 3775 3043 3788 —
3133 3749 3549 3822 „Ignominiae

2238 3827 2446 3881 dolore
2494 3827 2688 3880 victor
2737 3824 3004 3880 insolens
3047 3842 3110 3878 se
3156 3826 3379 3880 victum
3428 3845 3553 3880 non

2237 3903 2431 3977 potuit
2483 3900 2667 3974 pati.”
2746 3900 3098 3972 (Pacuvius)
3155 3919 3267 3974 pro
3316 3899 3551 3957 Scauro

2239 3987 2311 4044 2,
2356 3986 2411 4039 5.
2455 4005 2526 4020 —-
2568 3976 2725 4031 Aiax
2769 3977 3053 4032 furiosus.
3095 3976 3343 4032 Tuscul.
3387 3981 3458 4041 3,
3493 3981 3549 4041 5,

2244 4061 2331 4111 11.
2400 4080 2470 4094 -··
2542 4053 2694 4108 Eum
2761 4053 2882 4107 ira*
2918 4051 2990 4106 ad
3054 4052 3320 4107 furorem
3386 4069 3554 4107 mor-

2237 4141 2472 4204 temque
2520 4128 2822 4203 perduxit.
2878 4159 2938 4168 —-
2984 4157 3057 4168 —
3099 4125 3352 4201 Semper
3393 4127 3552 4181 Aiax

2241 4206 2448 4269 fortis,
2516 4204 2881 4259 fortissimus
2938 4214 3131 4259 tamen
3201 4206 3259 4259 in
3324 4203 3548 4257 furore.

2243 4279 2488 4336 'I'uscuL
2546 4284 2612 4345 4,
2669 4285 2773 4343 25,
2834 4285 2924 4335 52.
2982 4306 3053 4321 -
3102 4278 3246 4335 Eius
3302 4295 3462 4332 mors
3519 4293 3552 4328 a

2241 4354 2581 4412 rhetoribus
2633 4364 2912 4411 tractata.
2996 4354 3141 4410 Her.
3191 4367 3252 4418 1,
3296 4361 3403 4416 11,
3457 4358 3549 4409 18.

2243 4432 2394 4487 lbid.
2441 4441 2509 4496 1,
2550 4437 2653 4493 17.
2706 4436 2794 4486 27.
2870 4428 3020 4486 Ibid.
3074 4439 3139 4494 2,
3191 4435 3291 4494 19,
3338 4432 3430 4484 28.
3481 4424 3553 4480 de

2243 4508 2374 4563 lnv.
2417 4515 2466 4570 1,
2493 4513 2550 4573 8,
2594 4514 2684 4563 11.
2753 4504 2905 4561 lbid.
2938 4514 2990 4569 1,
3022 4509 3112 4569 49,
3144 4508 3237 4559 92.
3272 4533 3344 4545 —
3372 4502 3552 4567 Aiax,

2244 4585 2474 4657 (pictus
2538 4601 2568 4636 a
2633 4581 3099 4645 Timomaeho:)
3154 4575 3308 4651 apud
3372 4576 3557 4648 Cyzi-

2244 4677 2446 4714 cenos.
2489 4657 2667 4714 Verr.
2713 4657 2996 4714 Accusat.
3040 4657 3109 4718 4.
3153 4657 3259 4714 60,
3310 4656 3436 4710 155.
3483 4681 3556 4695 -

2245 4735 2433 4790 Aiax:
2479 4732 2550 4789 de
2593 4731 2717 4789 Off.
2762 4740 2828 4799 1,
2860 4741 2967 4796 31,
3003 4731 3132 4787 114.
3217 4726 3399 4782 Ennii
3446 4746 3558 4802 po-

2244 4813 2361 4866 tius
2397 4828 2575 4895 quam
2604 4808 2761 4864 Livii
2792 4806 3029 4864 videtur
3058 4802 3308 4875 intelligi
3338 4800 3562 4858 fabula.

2245 4917 2317 4929 —
2359 4887 2546 4942 Aiax:
2606 4887 2667 4941 in
2702 4883 2882 4938 Ennii
2930 4882 3143 4951 fragm.
3188 4876 3384 4935 Varro
3428 4877 3551 4934 LI..

2245 4966 2302 5025 6,
2330 4970 2387 5018 2.
2435 4982 2489 5034 p.
2537 4965 2662 5019 189.
2710 4986 2781 5001 -
2822 4958 2892 5013 de
2928 4954 3049 5013 off.
3098 4963 3152 5021 1,
3183 4959 3279 5021 51,
3315 4959 3443 5015 115.
3492 4984 3551 4995 -

2257 5039 2326 5093 de
2374 5036 2495 5092 Ofl’.
2536 5043 2574 5099 3
2610 5078 2625 5102 ,
2669 5041 2777 5100 26,
2821 5037 2916 5094 98.
2957 5061 3033 5075 -
3076 5029 3225 5089 Cato
3269 5043 3340 5090 10
3382 5074 3396 5098 ,
3446 5036 3541 5090 51.

2323 5142 2489 5197 Aiax
2532 5139 2736 5196 Oileus
2774 5138 2894 5192 vim
2934 5135 3135 5194 intulit
3162 5134 3559 5193 Cassandrae.

2251 5216 2323 5274 de
2363 5216 2473 5275 Or.
2520 5223 2588 5284 2,
2630 5217 2737 5280 66,
2767 5217 2899 5273 265.
2964 5213 3212 5272 Tuscul.
3246 5218 3302 5280 3,
3338 5216 3430 5279 29,
3463 5215 3555 5268 72.
