4367 6084
833 628 919 696 54
1434 686 1444 699 ,
1562 626 1648 694 c.
1698 615 2189 719 ANTONIUS
2234 661 2324 715 -.
2361 625 2795 693 APAMEA.

906 767 2144 837 C.As·roums,fraterM.Antoniitrium·
2202 766 2432 824 Nucula
2494 778 2553 823 et
2602 766 2870 824 Lentone
2922 766 3173 841 collega.
3254 767 3519 846 Philipp.

829 848 970 905 viri.
1019 875 1093 892 --
1145 848 1221 905 T.
1271 843 1560 904 Pulfionis
1629 863 1814 919 opera
1867 843 2143 919 proditus
2209 848 2300 911 13,
2349 852 2441 910 18,
2489 847 2579 902 37.
2618 874 2692 887 —
2733 843 2803 899 L.
2846 844 3150 900 Antonius
3191 862 3275 901 nu
3321 864 3389 902 er
3430 846 3523 903 di-

835 923 1138 981 cxercitns
1166 919 1618 998 (Caesarianus)
1665 919 1734 977 C.
1774 920 2044 976 Antonii.
2086 938 2141 974 a.
2205 923 2365 976 citur
2404 917 2478 974 ad
2507 917 2723 986 Tibur,
2763 938 2897 976 cum
2938 922 2993 976 ei
3031 917 3235 977 labare
3348 961 3361 976 .
3390 922 3525 979 An-

833 1019 896 1056 u.
927 1000 983 1055 c.
1020 1004 1149 1060 706.
1206 998 1434 1054 Caesar
1459 994 1591 1052 civ.
1619 999 1675 1061 3,
1705 999 1800 1056 67.
1846 1020 1918 1036 -
1958 994 2180 1051 Prae·
2209 997 2407 1051 tonius
2453 994 2791 1063 videretur,
2850 1005 3104 1051 mortem
3156 996 3335 1053 fratri
3387 1015 3521 1056 csse

835 1085 936 1132 tor
975 1092 1030 1132 a.
1062 1092 1121 1130 u.
1153 1092 1207 1150 c.
1237 1080 1364 1133 710.
1410 1071 1481 1128 Ei
1512 1070 1865 1128 Macedonia
1894 1072 2149 1145 provin·
2209 1073 2531 1127 minitatus.
2586 1071 2667 1143 (a.
2702 1089 2756 1126 u.
2785 1089 2840 1127 c.
2872 1071 3026 1145 711.)
3065 1070 3334 1147 Philipp.
3368 1075 3431 1140 6,
3462 1075 3520 1140 4,

838 1153 933 1207 cia
974 1147 1203 1225 obtigit.
1271 1147 1530 1223 Philipp.
1574 1153 1629 1213 5,
1674 1152 1765 1212 10,
1809 1151 1901 1209 26.
1945 1175 2015 1189 -—
2057 1144 2149 1201 Ex
2217 1155 2299 1204 ιο.
2344 1175 2406 1190 -—
2442 1145 2753 1222 Equestris
2794 1156 2991 1202 statua
3022 1148 3302 1204 inaurata
3330 1149 3387 1205 ei
3412 1166 3525 1224 po-

838 1225 1190 1284 Macedonia
1224 1234 1564 1280 revocatus.
1620 1221 1879 1297 Philipp.
1919 1227 1974 1284 7.
2013 1228 2065 1286 1,
2098 1228 2149 1276 2.
2213 1225 2319 1278 sita
2386 1240 2522 1277 cum
2588 1223 2777 1277 inseri
2819 1223 3027 1277 tione:
3096 1219 3379 1293 Quinque
3447 1243 3522 1282 tr

837 1298 992 1359 Ibid.
1027 1309 1083 1370 6,
1117 1304 1287 1361 16.--
1323 1298 1645 1372 Repulsam
1673 1297 1828 1353 tulit.
1888 1296 2173 1371 Philipp„
2210 1314 2500 1353 'rarorum
2527 1315 2736 1353 'ramus
2808 1315 3066 1353 arnono.
3095 1309 3210 1354 cet.
3249 1296 3343 1355 ΙΙ).
3368 1303 3522 1366 5,12.

840 1381 913 1442 8,
964 1379 1034 1443 9,
1091 1381 1184 1435 27.
1247 1372 1349 1431 ubi
1401 1373 1649 1430 consule
1706 1372 2041 1429 Ferratium
2095 1382 2154 1426 et
2213 1373 2605 1443 —,Amores
2628 1373 2991 1449 deliciaeque
3009 1372 3524 1448 populiRomani”

843 1451 1264 1511 Garatonium.
1306 1481 1382 1494 -
1420 1448 1487 1506 Si
1516 1449 1586 1507 C.
1619 1450 1954 1510 Antonius,
1993 1445 2154 1522 quod
2213 1449 2654 1522 (perirouiam.)
2682 1445 2833 1505 Ibid.
2848 1459 2906 1504 et
2924 1466 3136 1504 rursus
3152 1447 3418 1525 Philipp.
3435 1455 3525 1517 15,

842 1528 1045 1584 animo
1084 1523 1463 1593 intenderat,
1506 1521 1801 1599 perlicere
1839 1525 2153 1597 potuisset,
2217 1532 2303 1589 12.
2319 1531 2411 1582 26.
2440 1523 2689 1581 Cous-in
2712 1523 2958 1598 primis:
3001 1522 3261 1599 Philipp.
3282 1530 3415 1593 7.6.
3438 1531 3526 1584 16.

842 1603 1423 1678 (potuissetautem,
1468 1601 1583 1656 nisi
1624 1601 1752 1655 eius
1780 1598 1996 1654 sceleri
2026 1600 2154 1654 vir-
2217 1617 2379 1674 seqq.
2412 1630 2483 1643 —
2524 1597 2681 1670 Quid
2723 1598 2823 1654 illa
2865 1601 3076 1655 tetrius
3119 1598 3340 1657 belna?
3378 1599 3525 1678 quid

848 1690 944 1735 tus
986 1676 1069 1735 Μ.
1100 1676 1271 1733 Bruti
1315 1674 1673 1747 obstitisset)
1716 1673 2153 1739 Macedoniam,
2185 1724 2188 1734 „
2217 1675 2579 1731 immanius?
2633 1675 2733 1750 qui
2776 1671 2855 1728 ob
2893 1692 3021 1730 eam
3062 1693 3305 1730 causam
3348 1687 3525 1734 natus

845 1753 1188 1827 Illyricum,
1271 1750 1589 1808 Graeciam
1667 1748 2156 1823 perdidissemus.
2218 1748 2473 1815 videtur,
2514 1768 2588 1805 ne
2629 1751 2893 1806 omnium
2938 1749 3277 1806 mortalium
3304 1753 3529 1827 turpis·

800 1889 803 1892 ,
846 1829 1117 1903 Philipp.-
1149 1835 1238 1893 10,
1268 1831 1326 1893 4,
1357 1831 1412 1884 9.
1444 1855 1504 1867 -
1536 1825 1596 1881 Is
1625 1823 1878 1881 duorum
1904 1825 2158 1880 fratrum
2217 1828 2404 1881 simus
2445 1836 2603 1880 esset
2644 1824 2725 1881 Μ.
2759 1825 3079 1881 Antonius.
3134 1826 3398 1901 Philipp.
3440 1834 3529 1893 10,

848 1901 1144 1961 aetatibus
1183 1901 1416 1959 medius
1445 1903 1796 1958 interiectus
1837 1902 1994 1956 vitiis
2024 1917 2156 1954 cum
2219 1909 2309 1968 10,
2340 1907 2429 1955 21.
2459 1926 2529 1940 -
2571 1898 2729 1972 Quid
2771 1919 2905 1956 eum
2948 1919 3065 1957 nou
3108 1899 3362 1958 sorbere
3401 1903 3531 1959 ani-

847 1989 1106 2055 utroque
1145 1975 1433 2034 certabat.
1492 1974 1644 2033 lbid.
1678 1981 1736 2043 5,
1774 1987 1858 2035 to.
1911 1971 2064 2031 Ibid.
2097 1981 2154 2040 6,
2217 1994 2336 2043 mo,
2363 1974 2505 2052 quid
2529 1995 2651 2032 nou
2672 1976 2917 2032 haurire
2937 1979 3327 2051 cogitatione,
3356 1978 3532 2035 cuius

852 2058 946 2116 15.
987 2083 1063 2098 -
1106 2053 1186 2110 Μ.
1217 2052 1473 2110 Brutum
1499 2055 1721 2108 retinet
1748 2050 1942 2107 adhuc
1981 2057 2064 2120 (a.
2098 2069 2154 2106 u.
2217 2053 2571 2128 sanguinem
2635 2070 2758 2108 non
2824 2049 3030 2109 bibere
3089 2053 3394 2110 censetis?
3464 2055 3528 2111 iu

851 2150 908 2187 c.
943 2132 1103 2200 711.)
1146 2128 1212 2186 C.
1239 2129 1579 2194 Antonius,
1626 2129 1726 2203 qui
1764 2137 1928 2183 tenet
1966 2126 2158 2200 Apol·
2217 2130 2386 2184 cuius
2426 2129 2843 2203 possessiones
2883 2139 3059 2205 atque
3098 2129 3377 2186 fortunas
3409 2147 3532 2186 nou

850 2204 1109 2273 Ioniam,
1161 2202 1489 2276 Byllidem,
1541 2203 1920 2268 Amantiam,
1976 2203 2183 2260 inst'at
2218 2203 2764 2292 impudentissimos
2816 2203 3022 2260 oculos
3076 2222 3184 2278 spe
3231 2215 3292 2261 et
3328 2215 3529 2262 mente

851 2280 1074 2356 Epiro,
1117 2289 1294 2354 urget
1329 2278 1676 2352 Illyricum,
1720 2276 1900 2334 habet
1936 2277 2181 2352 aliquot¹
2218 2278 2528 2352 deliget-eit
2577 2278 2839 2354 Philipp.
2883 2287 2976 2344 11,
3017 2283 3074 2346 5,
3120 2286 3212 2340 10.
3250 2309 3328 2324 -
3364 2277 3532 2338 Cou-

852 2358 1153 2424 cohortes,
1184 2353 1362 2411 babet
1388 2355 1737 2430 equitatum.
1779 2351 2038 2427 Philipp.
2066 2362 2157 2419 11,
2218 2354 2475 2429 sulatum
2516 2352 2816 2429 sperabat.
2869 2354 3129 2430 Philipp.
3170 2362 3279 2423 12.
3319 2359 3390 2422 6.
3434 2357 3528 2416 ss.

854 2440 948 2498 11,
977 2434 1071 2492 26.
1101 2461 1172 2478 -
1211 2430 1283 2486 In
1323 2439 1678 2506 potestatem
1706 2426 1788 2486 Μ.
1819 2427 1991 2484 Bruti
2020 2445 2159 2501 per·
2219 2460 2290 2472 -
2330 2429 2566 2504 Refugit
2606 2432 2840 2487 animus
2875 2448 3061 2506 eaque
3089 2428 3294 2487 dicere
3333 2430 3533 2489 refor-

852 2508 1040 2564 venit.
1084 2505 1238 2563 Eum
1266 2503 1721 2562 custodiendum
1749 2502 1958 2559 suadet
1979 2502 2159 2560 Pseu·
2220 2503 2437 2572 midat,
2488 2524 2641 2582 quae
2679 2505 2749 2561 L.
2791 2506 3094 2562 Antonius
3136 2507 3199 2562 in
3238 2506 3532 2564 Parmen-

855 2583 1048 2639 docic.
1088 2580 1165 2638 ad
1190 2579 1365 2638 Brut.
1397 2587 1455 2644 2.
1484 2583 1542 2638 11.
1600 2578 1726 2636 cfr.
1759 2576 2157 2636 Pseudobrut.
2220 2581 2373 2636 sium
2432 2577 2636 2638 liberis
2700 2590 2759 2637 et
2818 2579 3178 2656 coniugibus
3238 2579 3526 2640 effecerit.

860 2657 933 2716 ad
957 2657 1083 2715 Cic.
1113 2666 1173 2725 2,
1203 2660 1257 2715 5.
1304 2684 1365 2697 -
1410 2655 1842 2713 Proconsulem
1871 2672 1935 2711 se
1967 2656 2159 2710 nomi·
2220 2656 2477 2732 Philipp.
2518 2657 2611 2722 14,
2655 2664 2712 2723 δ,
2756 2663 2813 2714 9.
2858 2683 2930 2700 -
2969 2655 3038 2712 L.
3080 2656 3383 2715 Antonius
3420 2658 3536 2715 At-

860 2731 1059 2791 nabat.
1112 2733 1279 2807 Idem
1318 2737 1384 2800 2,
1430 2740 1482 2793 7.
2221 2751 2326 2810 pes
2354 2734 2674 2805 occupavit
2703 2744 2839 2806 post
2859 2730 3530 2804 proeliumMutinense.

2223 2808 2295 2865 ad
2324 2807 2485 2864 Fam.
2515 2816 2607 2874 10,
2639 2811 2734 2874 35,
2763 2807 2818 2863 4.
2872 2805 3022 2862 Ibid.
3048 2811 3141 2872 δἰ,
3173 2815 3230 2866 1.
3275 2807 3403 2866 Gfr.
3440 2816 3529 2874 10,

2189 2937 2191 2945 .
2229 2889 2319 2952 15,
2350 2888 2403 2943 5.
2431 2913 2503 2926 -
2542 2883 2687 2939 Eius
2714 2885 2907 2938 exitus
2937 2884 2998 2939 in
3025 2880 3185 2940 bello
3214 2881 3531 2945 Perusino.

856 2957 1055 3019 hunus
1096 2956 1287 3035 plebis
1325 2977 1380 3015 a.
1422 2976 1481 3014 u.
1521 2977 1571 3014 c.
1612 2966 1742 3017 710.
1789 2986 1856 3001 ·-
1898 2956 1991 3013 Ex
2019 2958 2168 3011 mir·
2227 2961 2478 3018 Sueton.
2516 2958 2870 3017 Oetam-14.

856 3035 1101 3093 millone
1141 3034 1295 3103 dux,
1356 3052 1432 3090 ex
1468 3032 1800 3108 gladiatore
1840 3034 2168 3108 imperator

857 3145 894 3157 -
949 3144 986 3156 -
1036 3111 1234 3169 fundit
1285 3109 1642 3184 apothecas,
1705 3106 1902 3164 caedit
1953 3125 2168 3183 greges

860 3198 1270 3243 armentorum
1295 3195 1411 3241 cet.
1449 3183 1710 3258 Philipp.
1742 3187 1777 3242 δ
1797 3225 1813 3248 ,
1847 3191 1950 3249 12,
1982 3190 2074 3245 51.
2103 3211 2159 3223 -

865 3261 1213 3321 Moderatus
1267 3260 1445 3317 bomo
1497 3259 1647 3334 (per
1686 3257 2013 3332 ironiam),
2072 3261 2168 3313 cui

858 3338 1051 3394 frater
1079 3336 1323 3394 Marcus
1365 3352 1600 3392 omnem
1625 3333 1857 3390 Italiam
1897 3332 2168 3389 dividen'-

861 3412 994 3468 dam
1039 3411 1201 3469 dedit
1227 3413 1451 3486 (specie
1475 3409 1626 3483 legis
1652 3407 1977 3484 agrariae).
2020 3408 2172 3464 Phi-

858 3486 1007 3564 lipp.
1050 3493 1122 3555 5,
1164 3495 1235 3552 3.
1260 3496 1331 3547 ’7.
1371 3516 1447 3531 -
1487 3484 1799 3542 Gladiator
1840 3485 2168 3550 Asiaticus,

908 3566 967 3620 ui
1008 3561 1292 3620 mirmillo
1330 3561 1582 3635 Mylasis
1635 3561 2009 3636 depugnarat
2059 3571 2168 3616 cet.

919 3637 1129 3714 hilipp.
1173 3643 1232 3705 5,
1280 3647 1333 3704 7,
1376 3646 1471 3695 20.
1527 3635 1679 3693 Ibid.
1725 3647 1815 3703 11,
1858 3640 1949 3697 50.
1989 3661 2063 3675 -
2102 3635 2172 3691 L.

931 2883 1000 2941 L.
1039 2883 1389 2950 Autronius,
1443 2882 1632 2938 frater
1671 2883 2007 2949 triumviri,
2051 2881 2168 2936 tri-

2298 3072 2370 3128 L.
2391 3072 2703 3127 Ammonius
2724 3081 2785 3127 et
2802 3069 2885 3127 M.
2900 3072 3231 3127 Aua-omns.
3270 3070 3531 3163 Philipp.

2227 3156 2295 3214 3,
2341 3156 2442 3214 1ο,
2488 3151 2580 3205 26.
2652 3147 2722 3204 In
2778 3156 3031 3223 utroque
3075 3149 3316 3204 nomine
3355 3147 3534 3205 lectio

2226 3233 2319 3279 est
2344 3233 2649 3298 corrupta.
2700 3222 2825 3280 Cir.
2855 3220 3273 3279 Garatoninm.
3313 3221 3537 3280 Defen-

2229 3300 2314 3355 dit
2379 3298 2617 3375 quidem
2683 3299 2981 3369 volgatam
3043 3297 3367 3356 Drumann
3422 3300 3537 3353 Ge·-

2229 3374 2498 3507 ἰοήἑοῖιιε,
2542 3375 2656 3431 Th.
2699 3383 2747 3433 1.
2788 3391 2845 3448 p·
2883 3381 3027 3443 208,
3069 3373 3177 3430 sed
3219 3374 3354 3431 sine
3391 3393 3537 3452 pro-

2272 3471 2301 3506 a
2351 3452 2558 3507 iitatc.

2304 3563 2387 3620 M.
2427 3551 2740 3620 Anu-'ouius
2781 3562 3044 3619 Gmeno.
3100 3561 3259 3621 Num
3294 3564 3348 3620 is
3379 3580 3539 3621 unus

2232 3638 2504 3715 idemque
2532 3658 2666 3696 cum
2686 3636 3002 3714 Scriptore
3030 3637 3105 3694 ad
3123 3637 3538 3697 Herennium?
3578 3634 3588 3643 '

864 3716 1118 3773 Antonii
1158 3713 1572 3770 crudelitatem
1612 3710 1874 3786 effugere
1914 3730 2034 3768 non
2064 3729 2172 3785 po·-
2231 3715 2382 3772 Vide
2425 3715 2498 3771 ad
2542 3718 2683 3771 Her.
2726 3711 2858 3771 Lib.
2888 3715 2940 3772 4.
2982 3724 3233 3771 extrem.

864 3791 1147 3856 tuissent,
1204 3790 1322 3845 nisi
1374 3806 1466 3844 me
1521 3790 1830 3845 moenibus
1882 3799 1942 3843 et
1981 3788 2172 3862 portis

867 3876 926 3922 et
977 3864 1176 3922 studio
1231 3865 1543 3938 municipii
1581 3867 1695 3919 mei
1735 3862 2168 3920 defendissem:

866 3938 2168 4092 ῗέἷῧὲἓοςέζύῖξίἒὲῗᾎΙῗέἶᾷΐέιῗὲίῗεῖἒὲ]
2231 3979 2419 4035 Fadio
2474 3976 2651 4035 aedili
2709 3996 2819 4034 nec
2878 3978 2977 4034 alii
3036 3981 3314 4055 cuiquam
3372 3977 3540 4036 reddi

865 4090 1019 4150 Ibid.
1065 4102 1167 4158 ιι,
1205 4097 1295 4149 26.
1350 4090 1606 4166 Philipp.
1657 4096 1745 4154 13.
1788 4097 1845 4155 2,
1888 4091 1943 4148 4.
1985 4119 2059 4133 -
2099 4088 2168 4145 ι..
2232 4053 2490 4111 ‘'⁰¹²b2‘·
2547 4055 2622 4110 δά
2662 4054 2788 4110 Au.
2838 4059 2928 4122 ¹⁵2
2974 4059 3065 4121 1⁷·
3108 4062 3165 4112 ¹·

867 4168 1116 4227 Antonii
1180 4165 1488 4223 horribilis
1538 4170 1775 4230 contio,
1829 4163 2198 4221 Dolabellae¹
2306 4171 2548 4225 Aoi-,nez
2594 4167 2799 4224 Musae
2825 4167 3055 4242 primae
3082 4176 3387 4244 quattuor,
3432 4187 3541 4225 na·

869 4243 1202 4321 praeclara.
1259 4241 1342 4315 (a.
1389 4260 1450 4297 u.
1499 4261 1553 4298 c.
1599 4240 1759 4315 710.)
1800 4241 1874 4297 ad
1912 4241 2036 4297 Att.
2079 4243 2172 4306 14.
2208 4255 2327 4300 ‘tae
2366 4245 2508 4300 Iove
2562 4243 2750 4300 altero
2800 4253 2860 4299 et
2908 4241 3113 4308 Neda,
3171 4242 3538 4309 Thelxinoe‘,

868 4328 964 4389 20,
981 4329 1034 4378 2.
1065 4347 1124 4359 ·-
1147 4316 1463 4375 Octavium
1484 4328 1615 4373 erat
1631 4314 2052 4392 producturus.
2081 4315 2172 4372 ΙΙ).
2233 4320 2459 4386 Aoede,
2503 4319 2724 4385 Arche,
2769 4319 3005 4377 Melete.
3082 4318 3155 4375 de
3195 4316 3332 4375 Nat.
3359 4319 3440 4376 D.
3479 4323 3537 4388 3.

869 4398 917 4465 §.
938 4401 989 4454 5.
1011 4424 1072 4435 -
1094 4392 1487 4450 Contionatus
1514 4403 1604 4449 est
1628 4391 1887 4448 sordide.
1926 4392 2016 4448 Ib.
2041 4389 2176 4448 Lib.
2235 4405 2302 4453 21
2324 4437 2340 4462 ,
2386 4398 2478 4454 572.

869 4475 941 4530 15
962 4511 977 4536 ,
1008 4479 1044 4530 2
1065 4512 1080 4538 ,
1112 4478 1167 4526 2.
1204 4498 1264 4508 -
1291 4466 1361 4523 L.
1393 4469 1695 4524 Antonius
1722 4471 1786 4524 iu
1814 4467 1890 4525 D.
1922 4467 2172 4524 Brutum
3489 4507 3501 4517 .

871 4548 986 4621 <ire
1014 4544 1233 4622 parat.)
1275 4541 1360 4600 lb.
1388 4543 1499 4619 Ep.
1529 4550 1584 4610 5,
1616 4548 1671 4604 3,
1698 4572 1759 4583 .-
1780 4543 1847 4599 L,
1876 4546 2176 4601 Antonius
2311 4508 2553 4563 Aonium
2572 4527 2588 4559 τ
2631 4504 2705 4600 ad
2733 4507 2856 4563 Att.
2887 4510 2945 4575 5,
2978 4511 3071 4574 21,
3095 4509 3152 4564 9.
3182 4503 3337 4562 falsa
3363 4505 3542 4563 lectio

868 4619 1200 4681 liberaliter
1252 4618 1473 4676 litteris
1526 4637 1615 4675 me
1670 4620 1798 4675 sine
1851 4638 1997 4676 cura
2045 4639 2176 4676 esse
2238 4602 2348 4658 pm
2390 4583 2753 4655 Lym‘mmm'

870 4696 1054 4755 iubet.
1113 4693 1320 4753 Habeo
1359 4713 1547 4750 unum
1585 4692 1975 4751 beneficium:
2033 4696 2176 4751 alte·
2309 4696 2605 4762 Aramu,
2650 4693 2897 4753 Cibotos
2928 4694 3371 4772 cognominata,
3397 4691 3545 4750 urbs

868 4790 1006 4830 rum
1044 4773 1325 4836 sortasse,
1369 4773 1421 4829 si
1461 4773 1525 4827 in
1548 4769 1955 4827 Tusculanum
1999 4790 2176 4827 vene-
2237 4772 2538 4846 Phrygiae
2558 4773 2804 4828 maioris
2827 4771 2901 4828 ad
2921 4769 3201 4844 Marsyae
3223 4781 3283 4826 et
3298 4769 3547 4827 Maean·

872 4849 955 4904 rit
970 4848 1071 4915 (ad
1088 4866 1179 4904 me
1195 4845 1631 4915 occidendum.)
1670 4843 1759 4901 lb.
1782 4845 1893 4920 Ep.
1924 4852 2011 4911 12,
2031 4855 2085 4905 2.
2114 4876 2172 4888 —-
2238 4848 2334 4904 dri
2399 4845 2805 4914 confluentes,
2877 4864 3029 4924 quae
3087 4846 3205 4921 ipsi
3263 4844 3547 4904 Ciceroni

869 4921 1230 4980 L.Antouio
1260 4921 1411 4980 male
1438 4923 1546 4980 sit!
1583 4926 1632 4979 si
1703 4922 1898 4977 uidem
1921 4921 2180 4979 Buthro-
2281 4921 2589 4980 roconsuli
2629 4922 2871 4989 Ciliciae
2925 4918 3212 4978 attributa
3264 4920 3394 4977 fuit.
3471 4920 3545 4978 ad

868 4999 971 5053 tiis
1014 4998 1301 5055 molestus
1343 5010 1455 5056 est.
1511 4995 1603 5058 lb.
1700 5017 1758 5072 p.
1795 5001 1895 5062 15,
1936 5009 1982 5055 1.
2016 5027 2075 5039 -
2110 4998 2176 5055 L.
2289 5019 2402 5055 am.
2443 5009 2495 5065 2,
2532 5004 2620 5066 17,
2650 5004 2708 5059 5.
2777 4997 2927 5054 Ibid.
2968 5001 3026 5062 3,
3056 5003 3112 5064 8,
3141 5005 3195 5054 2.
3259 4995 3415 5054 Ibid.
3448 5003 3544 5064 15,

873 5073 1202 5129 Antonium
1286 5093 1352 5131 er
1380 5074 1461 5132 M.
1487 5074 1736 5132 fratrem
1768 5072 2048 5131 facillime
2076 5073 2180 5130 de-
2214 5077 2311 5143 ,11,
2354 5085 2409 5132 2.
2481 5074 2669 5131 Hincz
2725 5071 2799 5130 ad
2827 5074 2955 5130 Au.
3001 5077 3070 5138 5,
3113 5079 3221 5137 16,
3260 5078 3316 5128 2.
3386 5074 3551 5148 Apa·
3601 5126 3605 5135 ,

868 5143 1154 5204 terrebis.
1280 5189 1296 5204 .
1321 5149 1432 5225 Ep.
1460 5157 1554 5216 17,
1587 5158 1638 5209 1.
1667 5179 1739 5194 -
1767 5151 2180 5227 Aequissimus
2241 5170 2442 5208 mense
2481 5152 2698 5207 forum.
2752 5148 2841 5206 Ib.
2870 5148 2919 5205 E
2969 5189 2983 5204 .
3027 5156 3132 5212 21,
3175 5154 3231 5206 9.
3269 5177 3344 5191 —·
3384 5151 3548 5207 Au·-

878 5223 1012 5301 agri
1062 5223 1285 5300 privati
1335 5234 1395 5282 et
1433 5223 1658 5304 publici
1699 5222 2179 5308 decempedator.
2214 5234 2492 5285 'usensis
2531 5227 2762 5287 civitas.
2821 5225 2896 5284 ad
2974 5242 3089 5282 am.
3122 5229 3180 5295 5,
3208 5232 3304 5294 20,
3334 5232 3390 5283 2.

2307 3829 2541 3884 Ain-ao.
2587 3826 2741 3884 Huic
2767 3829 2958 3883 vetuit
2978 3826 3195 3884 Cicero
3222 3829 3543 3904 quicquam

2232 3903 2303 3960 de
2346 3905 2602 3959 nummis
2639 3905 3025 3977 Arpinatium
3065 3902 3229 3969 dari,
3275 3921 3429 3979 qnos
3467 3901 3538 3959 L.-
