<?xml version="1.0" encoding="UTF-8"?>
<!DOCTYPE html PUBLIC "-//W3C//DTD XHTML 1.0 Transitional//EN"
    "http://www.w3.org/TR/xhtml1/DTD/xhtml1-transitional.dtd">
<html xmlns="http://www.w3.org/1999/xhtml" xml:lang="en" lang="en">
 <head>
  <title>
</title>
<meta http-equiv="Content-Type" content="text/html;charset=utf-8" />
  <meta name='ocr-system' content='tesseract 3.04.00' />
  <meta name='ocr-capabilities' content='ocr_page ocr_carea ocr_par ocr_line ocrx_word'/>
</head>
<body>
  <div class='ocr_page' id='page_1' title='image "./operaquaesupers01halmgoog/operaquaesupers01halmgoog_0565.png"; bbox 0 0 4367 6084; ppageno 0'>
   <div class='ocr_carea' id='block_1_1' title="bbox 1670 638 2719 710">
    <p class='ocr_par' dir='ltr' id='par_1_1' title="bbox 1670 638 2719 710">
     <span class='ocr_line' id='line_1_1' title="bbox 1670 638 2719 710; baseline 0.001 -4"><span class='ocrx_word' id='word_1_1' title='bbox 1670 638 2212 710; x_wconf 85' lang='lat' dir='ltr'><strong>SOCRATICA</strong></span> <span class='ocrx_word' id='word_1_2' title='bbox 2253 672 2338 688; x_wconf 89' lang='lat'><strong>—</strong></span> <span class='ocrx_word' id='word_1_3' title='bbox 2359 638 2719 709; x_wconf 67' lang='lat' dir='ltr'><strong>SOLON.</strong></span> 
     </span>
    </p>
   </div>
   <div class='ocr_carea' id='block_1_2' title="bbox 852 779 2187 850">
    <p class='ocr_par' dir='ltr' id='par_1_2' title="bbox 852 779 2187 850">
     <span class='ocr_line' id='line_1_2' title="bbox 852 779 2187 850; baseline -0.002 -8"><span class='ocrx_word' id='word_1_4' title='bbox 852 787 914 850; x_wconf 73' lang='grc'><strong>4,</strong></span> <span class='ocrx_word' id='word_1_5' title='bbox 959 786 1054 850; x_wconf 92' lang='grc'><strong>29,</strong></span> <span class='ocrx_word' id='word_1_6' title='bbox 1098 789 1194 846; x_wconf 82' lang='lat'><strong>63.</strong></span> <span class='ocrx_word' id='word_1_7' title='bbox 1238 808 1309 825; x_wconf 91' lang='lat'>-</span> <span class='ocrx_word' id='word_1_8' title='bbox 1362 779 1677 839; x_wconf 86' lang='lat' dir='ltr'><strong>Socratem</strong></span> <span class='ocrx_word' id='word_1_9' title='bbox 1718 783 1959 840; x_wconf 84' lang='lat' dir='ltr'><strong>solitum</strong></span> <span class='ocrx_word' id='word_1_10' title='bbox 1997 785 2187 841; x_wconf 48' lang='lat' dir='ltr'><strong>aiunt¹</strong></span> 
     </span>
    </p>
   </div>
   <div class='ocr_carea' id='block_1_3' title="bbox 852 856 2163 1013">
    <p class='ocr_par' dir='ltr' id='par_1_3' title="bbox 852 856 2163 1013">
     <span class='ocr_line' id='line_1_3' title="bbox 852 856 2163 934; baseline -0.002 -17"><span class='ocrx_word' id='word_1_11' title='bbox 852 860 1095 925; x_wconf 88' lang='lat' dir='ltr'><strong>dicere,</strong></span> <span class='ocrx_word' id='word_1_12' title='bbox 1148 859 1483 934; x_wconf 85' lang='lat' dir='ltr'><strong>perfectum</strong></span> <span class='ocrx_word' id='word_1_13' title='bbox 1534 856 1652 915; x_wconf 88' lang='lat' dir='ltr'><strong>sibi</strong></span> <span class='ocrx_word' id='word_1_14' title='bbox 1696 877 1846 933; x_wconf 83' lang='lat' dir='ltr'><strong>opus</strong></span> <span class='ocrx_word' id='word_1_15' title='bbox 1886 876 2052 926; x_wconf 85' lang='lat' dir='ltr'><strong>esse,</strong></span> <span class='ocrx_word' id='word_1_16' title='bbox 2110 861 2163 916; x_wconf 92' lang='lat' dir='ltr'><strong>si</strong></span> 
     </span>
     <span class='ocr_line' id='line_1_4' title="bbox 852 935 2161 1013; baseline 0 -22"><span class='ocrx_word' id='word_1_17' title='bbox 852 938 958 1013; x_wconf 84' lang='lat' dir='ltr'><strong>qui</strong></span> <span class='ocrx_word' id='word_1_18' title='bbox 999 936 1145 992; x_wconf 89' lang='lat' dir='ltr'><strong>satis</strong></span> <span class='ocrx_word' id='word_1_19' title='bbox 1184 944 1345 991; x_wconf 89' lang='lat' dir='ltr'><strong>esset</strong></span> <span class='ocrx_word' id='word_1_20' title='bbox 1383 935 1717 990; x_wconf 81' lang='lat' dir='ltr'><strong>concitatus</strong></span> <span class='ocrx_word' id='word_1_21' title='bbox 1746 935 2161 992; x_wconf 64' lang='lat' dir='ltr'><strong>cohortatione</strong></span> 
     </span>
    </p>
   </div>
   <div class='ocr_carea' id='block_1_4' title="bbox 849 1009 2187 1163">
    <p class='ocr_par' dir='ltr' id='par_1_4' title="bbox 849 1009 2187 1163">
     <span class='ocr_line' id='line_1_5' title="bbox 849 1009 2187 1084; baseline -0.003 -15"><span class='ocrx_word' id='word_1_22' title='bbox 849 1031 959 1069; x_wconf 85' lang='lat' dir='ltr'><strong>sua</strong></span> <span class='ocrx_word' id='word_1_23' title='bbox 1013 1009 1088 1066; x_wconf 90' lang='lat' dir='ltr'><strong>ad</strong></span> <span class='ocrx_word' id='word_1_24' title='bbox 1142 1009 1402 1066; x_wconf 87' lang='lat' dir='ltr'><strong>studium</strong></span> <span class='ocrx_word' id='word_1_25' title='bbox 1454 1009 1910 1084; x_wconf 83' lang='lat' dir='ltr'><strong>cognoscendae</strong></span> <span class='ocrx_word' id='word_1_26' title='bbox 1961 1012 2187 1084; x_wconf 77' lang='lat' dir='ltr'><strong>perci-3</strong></span> 
     </span>
     <span class='ocr_line' id='line_1_6' title="bbox 849 1084 2187 1163; baseline -0.002 -20"><span class='ocrx_word' id='word_1_27' title='bbox 849 1086 1226 1163; x_wconf 83' lang='lat' dir='ltr'><strong>piendaeque</strong></span> <span class='ocrx_word' id='word_1_28' title='bbox 1265 1086 1525 1140; x_wconf 78' lang='lat' dir='ltr'><strong>virtutis.</strong></span> <span class='ocrx_word' id='word_1_29' title='bbox 1586 1084 1659 1139; x_wconf 93' lang='lat' dir='ltr'><strong>de</strong></span> <span class='ocrx_word' id='word_1_30' title='bbox 1682 1084 1790 1140; x_wconf 90' lang='lat' dir='ltr'><strong>Or.</strong></span> <span class='ocrx_word' id='word_1_31' title='bbox 1822 1099 1872 1150; x_wconf 86' lang='grc'><strong>1,</strong></span> <span class='ocrx_word' id='word_1_32' title='bbox 1902 1085 1997 1150; x_wconf 73' lang='grc'><strong>47,</strong></span> <span class='ocrx_word' id='word_1_33' title='bbox 2026 1090 2158 1143; x_wconf 80' lang='grc'><strong>204.</strong></span> <span class='ocrx_word' id='word_1_34' title='bbox 2186 1092 2187 1108; x_wconf 70' lang='grc'>’</span> 
     </span>
    </p>
   </div>
   <div class='ocr_carea' id='block_1_5' title="bbox 850 1161 2166 1542">
    <p class='ocr_par' dir='ltr' id='par_1_5' title="bbox 850 1161 2166 1542">
     <span class='ocr_line' id='line_1_7' title="bbox 855 1161 2165 1219; baseline -0.004 0"><span class='ocrx_word' id='word_1_35' title='bbox 855 1193 922 1206; x_wconf 89' lang='grc'>-</span> <span class='ocrx_word' id='word_1_36' title='bbox 968 1161 1185 1219; x_wconf 87' lang='lat' dir='ltr'><strong>Omnis</strong></span> <span class='ocrx_word' id='word_1_37' title='bbox 1237 1162 1366 1216; x_wconf 89' lang='lat' dir='ltr'><strong>eius</strong></span> <span class='ocrx_word' id='word_1_38' title='bbox 1420 1162 1613 1216; x_wconf 87' lang='lat' dir='ltr'><strong>oratio</strong></span> <span class='ocrx_word' id='word_1_39' title='bbox 1669 1161 1727 1215; x_wconf 88' lang='lat' dir='ltr'><strong>in</strong></span> <span class='ocrx_word' id='word_1_40' title='bbox 1778 1162 1994 1216; x_wconf 81' lang='lat' dir='ltr'><strong>virtute</strong></span> <span class='ocrx_word' id='word_1_41' title='bbox 2033 1161 2165 1215; x_wconf 84' lang='lat' dir='ltr'><strong>lan-</strong></span> 
     </span>
     <span class='ocr_line' id='line_1_8' title="bbox 851 1234 2165 1295; baseline -0.004 0"><span class='ocrx_word' id='word_1_42' title='bbox 851 1237 1050 1295; x_wconf 87' lang='lat' dir='ltr'><strong>danda</strong></span> <span class='ocrx_word' id='word_1_43' title='bbox 1092 1239 1239 1294; x_wconf 88' lang='lat' dir='ltr'><strong>etin</strong></span> <span class='ocrx_word' id='word_1_44' title='bbox 1266 1234 1604 1292; x_wconf 89' lang='lat' dir='ltr'><strong>hominibus</strong></span> <span class='ocrx_word' id='word_1_45' title='bbox 1645 1235 1718 1293; x_wconf 86' lang='lat' dir='ltr'><strong>ad</strong></span> <span class='ocrx_word' id='word_1_46' title='bbox 1760 1238 2000 1293; x_wconf 87' lang='lat' dir='ltr'><strong>virtutis</strong></span> <span class='ocrx_word' id='word_1_47' title='bbox 2034 1244 2165 1291; x_wconf 88' lang='lat' dir='ltr'><strong>stu-</strong></span> 
     </span>
     <span class='ocr_line' id='line_1_9' title="bbox 851 1309 2159 1371; baseline -0.003 0"><span class='ocrx_word' id='word_1_48' title='bbox 851 1315 1016 1371; x_wconf 85' lang='lat' dir='ltr'><strong>dium</strong></span> <span class='ocrx_word' id='word_1_49' title='bbox 1037 1312 1428 1369; x_wconf 76' lang='lat' dir='ltr'><strong>cohortandis</strong></span> <span class='ocrx_word' id='word_1_50' title='bbox 1456 1310 1937 1367; x_wconf 85' lang='lat' dir='ltr'><strong>consumebatur.</strong></span> <span class='ocrx_word' id='word_1_51' title='bbox 1972 1309 2159 1367; x_wconf 87' lang='lat' dir='ltr'><strong>Acad.</strong></span> 
     </span>
     <span class='ocr_line' id='line_1_10' title="bbox 855 1387 2164 1461; baseline -0.006 -13"><span class='ocrx_word' id='word_1_52' title='bbox 855 1400 912 1457; x_wconf 92' lang='grc'><strong>1,</strong></span> <span class='ocrx_word' id='word_1_53' title='bbox 942 1392 1000 1455; x_wconf 88' lang='grc'><strong>4,</strong></span> <span class='ocrx_word' id='word_1_54' title='bbox 1031 1393 1122 1448; x_wconf 92' lang='grc'><strong>16.</strong></span> <span class='ocrx_word' id='word_1_55' title='bbox 1150 1396 1228 1431; x_wconf 87' lang='grc'><strong>’-</strong></span> <span class='ocrx_word' id='word_1_56' title='bbox 1264 1387 1578 1458; x_wconf 87' lang='lat' dir='ltr'><strong>Quomodo</strong></span> <span class='ocrx_word' id='word_1_57' title='bbox 1612 1387 1673 1442; x_wconf 93' lang='lat' dir='ltr'><strong>in</strong></span> <span class='ocrx_word' id='word_1_58' title='bbox 1703 1387 1923 1442; x_wconf 85' lang='lat' dir='ltr'><strong>iudicio</strong></span> <span class='ocrx_word' id='word_1_59' title='bbox 1951 1387 2164 1461; x_wconf 89' lang='lat' dir='ltr'><strong>capitis</strong></span> 
     </span>
     <span class='ocr_line' id='line_1_11' title="bbox 850 1461 2166 1542; baseline -0.005 -21"><span class='ocrx_word' id='word_1_60' title='bbox 850 1483 970 1542; x_wconf 80' lang='lat' dir='ltr'><strong>pro</strong></span> <span class='ocrx_word' id='word_1_61' title='bbox 1003 1482 1067 1519; x_wconf 88' lang='lat' dir='ltr'><strong>se</strong></span> <span class='ocrx_word' id='word_1_62' title='bbox 1094 1465 1223 1538; x_wconf 89' lang='lat' dir='ltr'><strong>ipse</strong></span> <span class='ocrx_word' id='word_1_63' title='bbox 1254 1463 1523 1519; x_wconf 73' lang='lat' dir='ltr'><strong>dixerit?</strong></span> <span class='ocrx_word' id='word_1_64' title='bbox 1577 1461 1649 1517; x_wconf 83' lang='grc'><strong>00</strong></span> <span class='ocrx_word' id='word_1_65' title='bbox 1677 1461 1786 1518; x_wconf 82' lang='lat' dir='ltr'><strong>Or.</strong></span> <span class='ocrx_word' id='word_1_66' title='bbox 1820 1472 1876 1527; x_wconf 89' lang='grc'><strong>1,</strong></span> <span class='ocrx_word' id='word_1_67' title='bbox 1908 1462 2003 1526; x_wconf 83' lang='grc'><strong>54,</strong></span> <span class='ocrx_word' id='word_1_68' title='bbox 2036 1465 2166 1520; x_wconf 90' lang='grc'><strong>251.</strong></span> 
     </span>
    </p>
   </div>
   <div class='ocr_carea' id='block_1_6' title="bbox 851 1536 2187 1596">
    <p class='ocr_par' dir='ltr' id='par_1_6' title="bbox 851 1536 2187 1596">
     <span class='ocr_line' id='line_1_12' title="bbox 851 1536 2187 1596; baseline -0.002 -1"><span class='ocrx_word' id='word_1_69' title='bbox 851 1570 930 1583; x_wconf 91' lang='grc'><strong>-</strong></span> <span class='ocrx_word' id='word_1_70' title='bbox 969 1538 1214 1596; x_wconf 89' lang='lat' dir='ltr'><strong>Summa</strong></span> <span class='ocrx_word' id='word_1_71' title='bbox 1252 1539 1380 1594; x_wconf 88' lang='lat' dir='ltr'><strong>eius</strong></span> <span class='ocrx_word' id='word_1_72' title='bbox 1408 1539 1469 1593; x_wconf 87' lang='lat' dir='ltr'><strong>in</strong></span> <span class='ocrx_word' id='word_1_73' title='bbox 1497 1549 1689 1594; x_wconf 90' lang='lat' dir='ltr'><strong>morte</strong></span> <span class='ocrx_word' id='word_1_74' title='bbox 1715 1536 1990 1596; x_wconf 89' lang='lat' dir='ltr'><strong>obeunda</strong></span> <span class='ocrx_word' id='word_1_75' title='bbox 2016 1555 2187 1593; x_wconf 65' lang='lat' dir='ltr'><strong>con-</strong></span> 
     </span>
    </p>
   </div>
   <div class='ocr_carea' id='block_1_7' title="bbox 851 1611 2172 4328">
    <p class='ocr_par' dir='ltr' id='par_1_7' title="bbox 851 1611 2167 2578">
     <span class='ocr_line' id='line_1_13' title="bbox 853 1611 2166 1689; baseline -0.004 -16"><span class='ocrx_word' id='word_1_76' title='bbox 853 1617 1080 1673; x_wconf 84' lang='lat' dir='ltr'><strong>stantia</strong></span> <span class='ocrx_word' id='word_1_77' title='bbox 1138 1632 1173 1669; x_wconf 88' lang='lat' dir='ltr'><strong>a</strong></span> <span class='ocrx_word' id='word_1_78' title='bbox 1226 1612 1479 1670; x_wconf 87' lang='lat' dir='ltr'><strong>Platone</strong></span> <span class='ocrx_word' id='word_1_79' title='bbox 1536 1615 1597 1668; x_wconf 89' lang='lat' dir='ltr'><strong>in</strong></span> <span class='ocrx_word' id='word_1_80' title='bbox 1649 1612 1951 1689; x_wconf 83' lang='lat' dir='ltr'><strong>Apologia</strong></span> <span class='ocrx_word' id='word_1_81' title='bbox 2006 1611 2166 1669; x_wconf 88' lang='lat' dir='ltr'><strong>cele-</strong></span> 
     </span>
     <span class='ocr_line' id='line_1_14' title="bbox 852 1686 2164 1772; baseline -0.005 -23"><span class='ocrx_word' id='word_1_82' title='bbox 852 1689 1052 1749; x_wconf 79' lang='lat' dir='ltr'><strong>brata.</strong></span> <span class='ocrx_word' id='word_1_83' title='bbox 1111 1688 1360 1758; x_wconf 84' lang='lat' dir='ltr'><strong>Tuscul.</strong></span> <span class='ocrx_word' id='word_1_84' title='bbox 1393 1694 1447 1754; x_wconf 83' lang='lat'><strong>1,</strong></span> <span class='ocrx_word' id='word_1_85' title='bbox 1471 1690 1568 1756; x_wconf 78' lang='grc'><strong>40,</strong></span> <span class='ocrx_word' id='word_1_86' title='bbox 1599 1693 1692 1748; x_wconf 88' lang='grc'><strong>97.</strong></span> <span class='ocrx_word' id='word_1_87' title='bbox 1719 1705 1888 1765; x_wconf 84' lang='lat' dir='ltr'><strong>seqq.</strong></span> <span class='ocrx_word' id='word_1_88' title='bbox 1916 1716 1991 1732; x_wconf 90' lang='lat'><strong>·-·</strong></span> <span class='ocrx_word' id='word_1_89' title='bbox 2014 1686 2164 1772; x_wconf 78' lang='lat' dir='ltr'><strong>Item</strong></span> 
     </span>
     <span class='ocr_line' id='line_1_15' title="bbox 854 1761 2164 1830; baseline -0.005 -5"><span class='ocrx_word' id='word_1_90' title='bbox 854 1769 919 1825; x_wconf 87' lang='lat' dir='ltr'><strong>in</strong></span> <span class='ocrx_word' id='word_1_91' title='bbox 959 1764 1301 1824; x_wconf 89' lang='lat' dir='ltr'><strong>Phaedone.</strong></span> <span class='ocrx_word' id='word_1_92' title='bbox 1377 1762 1533 1820; x_wconf 90' lang='lat' dir='ltr'><strong>Ibid.</strong></span> <span class='ocrx_word' id='word_1_93' title='bbox 1575 1765 1687 1830; x_wconf 87' lang='grc'><strong>45,</strong></span> <span class='ocrx_word' id='word_1_94' title='bbox 1737 1770 1863 1824; x_wconf 85' lang='grc'><strong>105.</strong></span> <span class='ocrx_word' id='word_1_95' title='bbox 1911 1793 1972 1806; x_wconf 94' lang='lat'>-</span> <span class='ocrx_word' id='word_1_96' title='bbox 2017 1761 2164 1820; x_wconf 79' lang='lat' dir='ltr'><strong>Eius</strong></span> 
     </span>
     <span class='ocr_line' id='line_1_16' title="bbox 851 1836 2164 1899; baseline -0.003 -1"><span class='ocrx_word' id='word_1_97' title='bbox 851 1843 1038 1899; x_wconf 89' lang='lat' dir='ltr'><strong>morti</strong></span> <span class='ocrx_word' id='word_1_98' title='bbox 1088 1839 1439 1899; x_wconf 77' lang='lat' dir='ltr'><strong>illacrimari</strong></span> <span class='ocrx_word' id='word_1_99' title='bbox 1489 1838 1658 1895; x_wconf 90' lang='lat' dir='ltr'><strong>soleo</strong></span> <span class='ocrx_word' id='word_1_100' title='bbox 1699 1836 2012 1896; x_wconf 85' lang='lat' dir='ltr'><strong>Platonem</strong></span> <span class='ocrx_word' id='word_1_101' title='bbox 2069 1836 2164 1894; x_wconf 89' lang='lat' dir='ltr'><strong>le-</strong></span> 
     </span>
     <span class='ocr_line' id='line_1_17' title="bbox 854 1912 2165 1994; baseline -0.004 -20"><span class='ocrx_word' id='word_1_102' title='bbox 854 1935 1030 1994; x_wconf 78' lang='lat' dir='ltr'><strong>gens.</strong></span> <span class='ocrx_word' id='word_1_103' title='bbox 1104 1913 1179 1971; x_wconf 91' lang='lat' dir='ltr'><strong>de</strong></span> <span class='ocrx_word' id='word_1_104' title='bbox 1205 1914 1340 1970; x_wconf 89' lang='lat' dir='ltr'><strong>Nat.</strong></span> <span class='ocrx_word' id='word_1_105' title='bbox 1366 1913 1441 1971; x_wconf 92' lang='lat' dir='ltr'><strong>D.</strong></span> <span class='ocrx_word' id='word_1_106' title='bbox 1469 1919 1528 1983; x_wconf 77' lang='grc'><strong>5,</strong></span> <span class='ocrx_word' id='word_1_107' title='bbox 1556 1917 1653 1981; x_wconf 77' lang='grc'><strong>55,</strong></span> <span class='ocrx_word' id='word_1_108' title='bbox 1683 1920 1776 1976; x_wconf 83' lang='grc'><strong>82.</strong></span> <span class='ocrx_word' id='word_1_109' title='bbox 1825 1944 1889 1958; x_wconf 90' lang='lat'>-</span> <span class='ocrx_word' id='word_1_110' title='bbox 1931 1912 2165 1972; x_wconf 85' lang='lat' dir='ltr'><strong>Socra-</strong></span> 
     </span>
     <span class='ocr_line' id='line_1_18' title="bbox 852 1988 2162 2064; baseline -0.005 -15"><span class='ocrx_word' id='word_1_111' title='bbox 852 2002 946 2049; x_wconf 91' lang='lat' dir='ltr'><strong>tes</strong></span> <span class='ocrx_word' id='word_1_112' title='bbox 986 1992 1051 2046; x_wconf 86' lang='lat' dir='ltr'><strong>in</strong></span> <span class='ocrx_word' id='word_1_113' title='bbox 1089 1989 1307 2047; x_wconf 88' lang='lat' dir='ltr'><strong>exodio</strong></span> <span class='ocrx_word' id='word_1_114' title='bbox 1346 1992 1526 2046; x_wconf 81' lang='lat' dir='ltr'><strong>vitae.</strong></span> <span class='ocrx_word' id='word_1_115' title='bbox 1582 1988 1782 2046; x_wconf 85' lang='lat' dir='ltr'><strong>Varro</strong></span> <span class='ocrx_word' id='word_1_116' title='bbox 1806 1988 1912 2057; x_wconf 84' lang='lat' dir='ltr'><strong>Fr.</strong></span> <span class='ocrx_word' id='word_1_117' title='bbox 1938 2009 2003 2064; x_wconf 86' lang='lat' dir='ltr'><strong>p.</strong></span> <span class='ocrx_word' id='word_1_118' title='bbox 2037 1993 2162 2046; x_wconf 83' lang='grc'><strong>282.</strong></span> 
     </span>
     <span class='ocr_line' id='line_1_19' title="bbox 853 2060 2166 2142; baseline -0.005 -17"><span class='ocrx_word' id='word_1_119' title='bbox 853 2067 994 2142; x_wconf 88' lang='lat' dir='ltr'><strong>Bip.</strong></span> <span class='ocrx_word' id='word_1_120' title='bbox 1040 2097 1112 2109; x_wconf 96' lang='lat'>—</span> <span class='ocrx_word' id='word_1_121' title='bbox 1150 2066 1316 2121; x_wconf 87' lang='lat' dir='ltr'><strong>Illius</strong></span> <span class='ocrx_word' id='word_1_122' title='bbox 1356 2084 1537 2122; x_wconf 85' lang='lat' dir='ltr'><strong>verae</strong></span> <span class='ocrx_word' id='word_1_123' title='bbox 1577 2066 1666 2121; x_wconf 91' lang='lat' dir='ltr'><strong>ele</strong></span> <span class='ocrx_word' id='word_1_124' title='bbox 1710 2060 2003 2141; x_wconf 82' lang='lat' dir='ltr'><strong>antisque&#39;</strong></span> <span class='ocrx_word' id='word_1_125' title='bbox 2029 2065 2166 2140; x_wconf 88' lang='lat' dir='ltr'><strong>phi·-</strong></span> 
     </span>
     <span class='ocr_line' id='line_1_20' title="bbox 854 2085 2165 2218; baseline -0.005 -18"><span class='ocrx_word' id='word_1_126' title='bbox 854 2143 1187 2218; x_wconf 79' lang='lat' dir='ltr'><strong>Iosophiae,</strong></span> <span class='ocrx_word' id='word_1_127' title='bbox 1228 2159 1378 2218; x_wconf 88' lang='lat' dir='ltr'><strong>qnae</strong></span> <span class='ocrx_word' id='word_1_128' title='bbox 1412 2142 1588 2198; x_wconf 86' lang='lat' dir='ltr'><strong>ducta</strong></span> <span class='ocrx_word' id='word_1_129' title='bbox 1614 2160 1649 2196; x_wconf 87' lang='lat' dir='ltr'><strong>a</strong></span> <span class='ocrx_word' id='word_1_130' title='bbox 1669 2085 1930 2213; x_wconf 49' lang='lat' dir='ltr'><strong>{cerate</strong></span> <span class='ocrx_word' id='word_1_131' title='bbox 1964 2143 2024 2197; x_wconf 86' lang='lat' dir='ltr'><strong>in</strong></span> <span class='ocrx_word' id='word_1_132' title='bbox 2051 2141 2165 2198; x_wconf 90' lang='lat' dir='ltr'><strong>Pe-</strong></span> 
     </span>
     <span class='ocr_line' id='line_1_21' title="bbox 856 2216 2166 2351; baseline -0.004 0"><span class='ocrx_word' id='word_1_133' title='bbox 856 2220 1190 2351; x_wconf 48' lang='lat' dir='ltr'><strong>:llixtsittidig</strong></span> <span class='ocrx_word' id='word_1_134' title='bbox 1210 2217 1830 2349; x_wconf 49' lang='lat' dir='ltr'><strong>dpcdehntffbugeglazalgt</strong></span> <span class='ocrx_word' id='word_1_135' title='bbox 1850 2227 1983 2348; x_wconf 61' lang='lat' dir='ltr'><strong>ciiiu</strong></span> <span class='ocrx_word' id='word_1_136' title='bbox 2005 2216 2166 2347; x_wconf 46' lang='lat'><strong>2¹55?-</strong></span> 
     </span>
     <span class='ocr_line' id='line_1_22' title="bbox 858 2335 2167 2442; baseline -0.005 -14"><span class='ocrx_word' id='word_1_137' title='bbox 858 2371 1077 2428; x_wconf 85' lang='lat' dir='ltr'><strong>demici</strong></span> <span class='ocrx_word' id='word_1_138' title='bbox 1116 2387 1323 2424; x_wconf 89' lang='lat' dir='ltr'><strong>eorum</strong></span> <span class='ocrx_word' id='word_1_139' title='bbox 1375 2335 1824 2425; x_wconf 64' lang='lat' dir='ltr'><strong>controversias</strong></span> <span class='ocrx_word' id='word_1_140' title='bbox 1866 2367 2167 2442; x_wconf 81' lang='lat' dir='ltr'><strong>discepta-</strong></span> 
     </span>
     <span class='ocr_line' id='line_1_23' title="bbox 858 2442 2167 2578; baseline -0.004 -77"><span class='ocrx_word' id='word_1_141' title='bbox 858 2456 1018 2578; x_wconf 60' lang='lat' dir='ltr'><strong>Eent,</strong></span> <span class='ocrx_word' id='word_1_142' title='bbox 1051 2443 1222 2574; x_wconf 51' lang='lat' dir='ltr'><strong>Inulla</strong></span> <span class='ocrx_word' id='word_1_143' title='bbox 1264 2445 1389 2499; x_wconf 77' lang='lat' dir='ltr'><strong>fere</strong></span> <span class='ocrx_word' id='word_1_144' title='bbox 1430 2455 1569 2498; x_wconf 87' lang='lat' dir='ltr'><strong>snut</strong></span> <span class='ocrx_word' id='word_1_145' title='bbox 1610 2454 1711 2574; x_wconf 65' lang='lat' dir='ltr'><strong>apt</strong></span> <span class='ocrx_word' id='word_1_146' title='bbox 1739 2461 1928 2573; x_wconf 49' lang='lat' dir='ltr'><strong>9⁸0¹}oe</strong></span> <span class='ocrx_word' id='word_1_147' title='bbox 1957 2442 2167 2574; x_wconf 67' lang='grc' dir='ltr'><strong>0010ιῖ-</strong></span> 
     </span>
    </p>

    <p class='ocr_par' dir='ltr' id='par_1_8' title="bbox 855 2536 2169 4013">
     <span class='ocr_line' id='line_1_24' title="bbox 902 2536 2159 2583; baseline -0.003 -7"><span class='ocrx_word' id='word_1_148' title='bbox 902 2539 1001 2576; x_wconf 91' lang='lat' dir='ltr'><strong>um</strong></span> <span class='ocrx_word' id='word_1_149' title='bbox 1080 2539 1138 2575; x_wconf 64' lang='lat' dir='ltr'><strong>„a</strong></span> <span class='ocrx_word' id='word_1_150' title='bbox 1170 2538 1269 2574; x_wconf 79' lang='lat' dir='ltr'><strong>ina</strong></span> <span class='ocrx_word' id='word_1_151' title='bbox 1320 2537 1639 2574; x_wconf 87' lang='lat' dir='ltr'><strong>monumen</strong></span> <span class='ocrx_word' id='word_1_152' title='bbox 1671 2538 1725 2572; x_wconf 88' lang='lat' dir='ltr'><strong>a.</strong></span> <span class='ocrx_word' id='word_1_153' title='bbox 1867 2536 2011 2574; x_wconf 90' lang='lat' dir='ltr'><strong>uscu</strong></span> <span class='ocrx_word' id='word_1_154' title='bbox 2043 2559 2056 2572; x_wconf 97' lang='lat'><strong>.</strong></span> <span class='ocrx_word' id='word_1_155' title='bbox 2145 2558 2159 2583; x_wconf 90' lang='lat'><strong>,</strong></span> 
     </span>
     <span class='ocr_line' id='line_1_25' title="bbox 856 2593 2159 2681; baseline -0.005 -28"><span class='ocrx_word' id='word_1_156' title='bbox 856 2604 917 2664; x_wconf 75' lang='grc'><strong>5,</strong></span> <span class='ocrx_word' id='word_1_157' title='bbox 948 2603 1006 2654; x_wconf 90' lang='grc'><strong>6.</strong></span> <span class='ocrx_word' id='word_1_158' title='bbox 1044 2624 1106 2636; x_wconf 92' lang='lat'>-</span> <span class='ocrx_word' id='word_1_159' title='bbox 1151 2593 1437 2651; x_wconf 79' lang='lat' dir='ltr'><strong>Socrates</strong></span> <span class='ocrx_word' id='word_1_160' title='bbox 1476 2597 1762 2681; x_wconf 85' lang='lat' dir='ltr'><strong>princeps</strong></span> <span class='ocrx_word' id='word_1_161' title='bbox 1791 2595 1904 2649; x_wconf 83' lang='lat' dir='ltr'><strong>suit</strong></span> <span class='ocrx_word' id='word_1_162' title='bbox 1926 2610 2159 2657; x_wconf 91' lang='lat' dir='ltr'><strong>eorum,</strong></span> 
     </span>
     <span class='ocr_line' id='line_1_26' title="bbox 857 2666 2164 2804; baseline -0.005 0"><span class='ocrx_word' id='word_1_163' title='bbox 857 2674 974 2804; x_wconf 56' lang='lat'><strong>‘¹32</strong></span> <span class='ocrx_word' id='word_1_164' title='bbox 1014 2690 1050 2727; x_wconf 81' lang='lat'><strong>¹¹</strong></span> <span class='ocrx_word' id='word_1_165' title='bbox 1089 2668 1611 2801; x_wconf 51' lang='lat' dir='ltr'><strong>{Zssssvi&#39;ifflmia</strong></span> <span class='ocrx_word' id='word_1_166' title='bbox 1635 2666 2164 2800; x_wconf 42' lang='lat' dir='ltr'><strong>qssssffssssimiissississ</strong></span> 
     </span>
     <span class='ocr_line' id='line_1_27' title="bbox 855 2764 2160 2951; baseline -0.005 -71"><span class='ocrx_word' id='word_1_167' title='bbox 855 2764 1234 2892; x_wconf 47' lang='lat' dir='ltr'><strong>:xagffirzm</strong></span> <span class='ocrx_word' id='word_1_168' title='bbox 1275 2764 1470 2895; x_wconf 44' lang='lat' dir='ltr'><strong>’atque</strong></span> <span class='ocrx_word' id='word_1_169' title='bbox 1510 2765 1987 2951; x_wconf 39' lang='lat' dir='ltr'><strong>ncoilidtemnerent¹</strong></span> <span class='ocrx_word' id='word_1_170' title='bbox 2026 2828 2160 2948; x_wconf 58' lang='lat' dir='ltr'><strong>1fet.</strong></span> 
     </span>
     <span class='ocr_line' id='line_1_28' title="bbox 856 2896 2164 3049; baseline -0.005 -18"><span class='ocrx_word' id='word_1_171' title='bbox 856 2896 1180 3049; x_wconf 56' lang='lat'><strong>221351‘2.⁵’</strong></span> <span class='ocrx_word' id='word_1_172' title='bbox 1199 2899 1460 3034; x_wconf 68' lang='lat' dir='ltr'><strong>1ffiz1.⁵{&#39;&#39;.</strong></span> <span class='ocrx_word' id='word_1_173' title='bbox 1502 2975 1598 3030; x_wconf 85' lang='lat'><strong>60.</strong></span> <span class='ocrx_word' id='word_1_174' title='bbox 1642 2905 2164 3027; x_wconf 58' lang='lat' dir='ltr'><strong>2²⁶312&#39;202ts&#39;2</strong></span> 
     </span>
     <span class='ocr_line' id='line_1_29' title="bbox 860 3046 2163 3119; baseline -0.005 -13"><span class='ocrx_word' id='word_1_175' title='bbox 860 3048 1117 3108; x_wconf 87' lang='lat' dir='ltr'><strong>Socrate</strong></span> <span class='ocrx_word' id='word_1_176' title='bbox 1155 3047 1364 3103; x_wconf 87' lang='lat' dir='ltr'><strong>diserti</strong></span> <span class='ocrx_word' id='word_1_177' title='bbox 1405 3066 1438 3102; x_wconf 88' lang='lat' dir='ltr'><strong>a</strong></span> <span class='ocrx_word' id='word_1_178' title='bbox 1481 3047 1675 3103; x_wconf 91' lang='lat' dir='ltr'><strong>doctis</strong></span> <span class='ocrx_word' id='word_1_179' title='bbox 1716 3056 1776 3102; x_wconf 87' lang='lat' dir='ltr'><strong>et</strong></span> <span class='ocrx_word' id='word_1_180' title='bbox 1814 3046 2096 3119; x_wconf 77' lang='lat' dir='ltr'><strong>deinceps</strong></span> <span class='ocrx_word' id='word_1_181' title='bbox 2131 3064 2163 3100; x_wconf 88' lang='lat' dir='ltr'><strong>a</strong></span> 
     </span>
     <span class='ocr_line' id='line_1_30' title="bbox 859 3121 2167 3197; baseline -0.005 -15"><span class='ocrx_word' id='word_1_182' title='bbox 859 3122 1192 3182; x_wconf 69' lang='lat' dir='ltr'><strong>Socraticis</strong></span> <span class='ocrx_word' id='word_1_183' title='bbox 1252 3125 1390 3179; x_wconf 80' lang='lat' dir='ltr'><strong>item</strong></span> <span class='ocrx_word' id='word_1_184' title='bbox 1449 3121 1761 3188; x_wconf 85' lang='lat' dir='ltr'><strong>omnihus,</strong></span> <span class='ocrx_word' id='word_1_185' title='bbox 1828 3121 2167 3197; x_wconf 77' lang='lat' dir='ltr'><strong>philosophi</strong></span> 
     </span>
     <span class='ocr_line' id='line_1_31' title="bbox 860 3198 2168 3275; baseline -0.005 -19"><span class='ocrx_word' id='word_1_186' title='bbox 860 3201 1264 3275; x_wconf 76' lang='lat' dir='ltr'><strong>eloquentiam</strong></span> <span class='ocrx_word' id='word_1_187' title='bbox 1294 3198 1720 3273; x_wconf 84' lang='lat' dir='ltr'><strong>despexerunt,</strong></span> <span class='ocrx_word' id='word_1_188' title='bbox 1767 3207 2041 3254; x_wconf 87' lang='lat' dir='ltr'><strong>oratores</strong></span> <span class='ocrx_word' id='word_1_189' title='bbox 2068 3213 2168 3251; x_wconf 89' lang='lat' dir='ltr'><strong>sa-</strong></span> 
     </span>
     <span class='ocr_line' id='line_1_32' title="bbox 860 3271 2167 3350; baseline -0.005 -18"><span class='ocrx_word' id='word_1_190' title='bbox 860 3278 1168 3350; x_wconf 86' lang='lat' dir='ltr'><strong>pientiam.</strong></span> <span class='ocrx_word' id='word_1_191' title='bbox 1244 3273 1317 3329; x_wconf 88' lang='lat' dir='ltr'><strong>de</strong></span> <span class='ocrx_word' id='word_1_192' title='bbox 1347 3273 1456 3329; x_wconf 91' lang='lat' dir='ltr'><strong>Or.</strong></span> <span class='ocrx_word' id='word_1_193' title='bbox 1483 3279 1540 3337; x_wconf 85' lang='grc'><strong>5,</strong></span> <span class='ocrx_word' id='word_1_194' title='bbox 1575 3281 1666 3339; x_wconf 91' lang='grc'><strong>19,</strong></span> <span class='ocrx_word' id='word_1_195' title='bbox 1699 3279 1790 3333; x_wconf 84' lang='grc'><strong>72.</strong></span> <span class='ocrx_word' id='word_1_196' title='bbox 1835 3302 1896 3314; x_wconf 90' lang='grc'>-</span> <span class='ocrx_word' id='word_1_197' title='bbox 1941 3271 2167 3329; x_wconf 87' lang='lat' dir='ltr'><strong>Socra-</strong></span> 
     </span>
     <span class='ocr_line' id='line_1_33' title="bbox 857 3347 2161 3422; baseline -0.005 -14"><span class='ocrx_word' id='word_1_198' title='bbox 857 3363 951 3408; x_wconf 86' lang='lat' dir='ltr'><strong>tes</strong></span> <span class='ocrx_word' id='word_1_199' title='bbox 1005 3354 1069 3407; x_wconf 88' lang='lat' dir='ltr'><strong>in</strong></span> <span class='ocrx_word' id='word_1_200' title='bbox 1118 3348 1358 3422; x_wconf 75' lang='lat' dir='ltr'><strong>dialogo</strong></span> <span class='ocrx_word' id='word_1_201' title='bbox 1410 3349 1748 3404; x_wconf 74' lang='lat' dir='ltr'><strong>Aeschinis.</strong></span> <span class='ocrx_word' id='word_1_202' title='bbox 1817 3347 1890 3404; x_wconf 90' lang='lat' dir='ltr'><strong>de</strong></span> <span class='ocrx_word' id='word_1_203' title='bbox 1926 3348 2060 3405; x_wconf 85' lang='lat' dir='ltr'><strong>Inv.</strong></span> <span class='ocrx_word' id='word_1_204' title='bbox 2103 3352 2161 3411; x_wconf 90' lang='grc'><strong>1,</strong></span> 
     </span>
     <span class='ocr_line' id='line_1_34' title="bbox 856 3423 2167 3493; baseline -0.005 -9"><span class='ocrx_word' id='word_1_205' title='bbox 856 3432 928 3488; x_wconf 84' lang='grc'><strong>51</strong></span> <span class='ocrx_word' id='word_1_206' title='bbox 954 3469 970 3493; x_wconf 94' lang='grc'><strong>,</strong></span> <span class='ocrx_word' id='word_1_207' title='bbox 1016 3432 1112 3485; x_wconf 86' lang='grc'><strong>51.</strong></span> <span class='ocrx_word' id='word_1_208' title='bbox 1154 3454 1228 3467; x_wconf 89' lang='grc'><strong>-</strong></span> <span class='ocrx_word' id='word_1_209' title='bbox 1272 3424 1556 3480; x_wconf 88' lang='lat' dir='ltr'><strong>Socrates</strong></span> <span class='ocrx_word' id='word_1_210' title='bbox 1598 3427 1661 3479; x_wconf 90' lang='lat' dir='ltr'><strong>iu</strong></span> <span class='ocrx_word' id='word_1_211' title='bbox 1699 3424 1968 3482; x_wconf 76' lang='lat' dir='ltr'><strong>Platonis</strong></span> <span class='ocrx_word' id='word_1_212' title='bbox 2005 3423 2167 3479; x_wconf 87' lang='lat' dir='ltr'><strong>Gor-</strong></span> 
     </span>
     <span class='ocr_line' id='line_1_35' title="bbox 859 3498 2160 3576; baseline -0.004 -18"><span class='ocrx_word' id='word_1_213' title='bbox 859 3505 958 3576; x_wconf 71' lang='lat' dir='ltr'><strong>gia</strong></span> <span class='ocrx_word' id='word_1_214' title='bbox 997 3500 1321 3557; x_wconf 86' lang='lat' dir='ltr'><strong>cavillatur.</strong></span> <span class='ocrx_word' id='word_1_215' title='bbox 1355 3508 1680 3555; x_wconf 89' lang='lat' dir='ltr'><strong>oratorem.</strong></span> <span class='ocrx_word' id='word_1_216' title='bbox 1739 3500 1810 3555; x_wconf 92' lang='lat' dir='ltr'><strong>de</strong></span> <span class='ocrx_word' id='word_1_217' title='bbox 1838 3498 1947 3556; x_wconf 90' lang='lat' dir='ltr'><strong>Or.</strong></span> <span class='ocrx_word' id='word_1_218' title='bbox 1981 3503 2036 3563; x_wconf 90' lang='grc'><strong>5,</strong></span> <span class='ocrx_word' id='word_1_219' title='bbox 2068 3504 2160 3563; x_wconf 87' lang='grc'><strong>51,</strong></span> 
     </span>
     <span class='ocr_line' id='line_1_36' title="bbox 859 3573 2164 3634; baseline -0.005 0"><span class='ocrx_word' id='word_1_220' title='bbox 859 3585 991 3634; x_wconf 88' lang='grc'><strong>122.</strong></span> <span class='ocrx_word' id='word_1_221' title='bbox 1018 3606 1090 3619; x_wconf 93' lang='lat'><strong>—</strong></span> <span class='ocrx_word' id='word_1_222' title='bbox 1124 3574 1269 3631; x_wconf 88' lang='lat' dir='ltr'><strong>Eius</strong></span> <span class='ocrx_word' id='word_1_223' title='bbox 1299 3575 1582 3631; x_wconf 88' lang='lat' dir='ltr'><strong>indicium</strong></span> <span class='ocrx_word' id='word_1_224' title='bbox 1612 3574 1682 3629; x_wconf 88' lang='lat' dir='ltr'><strong>de</strong></span> <span class='ocrx_word' id='word_1_225' title='bbox 1712 3574 1991 3630; x_wconf 82' lang='lat' dir='ltr'><strong>Archelai</strong></span> <span class='ocrx_word' id='word_1_226' title='bbox 2017 3573 2164 3629; x_wconf 82' lang='lat' dir='ltr'><strong>falsa</strong></span> 
     </span>
     <span class='ocr_line' id='line_1_37' title="bbox 856 3649 2162 3719; baseline -0.005 -9"><span class='ocrx_word' id='word_1_227' title='bbox 856 3650 1226 3711; x_wconf 84' lang='lat' dir='ltr'><strong>beatitudine</strong></span> <span class='ocrx_word' id='word_1_228' title='bbox 1268 3653 1328 3706; x_wconf 89' lang='lat' dir='ltr'><strong>in</strong></span> <span class='ocrx_word' id='word_1_229' title='bbox 1370 3651 1638 3706; x_wconf 74' lang='lat' dir='ltr'><strong>Platonis</strong></span> <span class='ocrx_word' id='word_1_230' title='bbox 1672 3650 1919 3719; x_wconf 72' lang='lat' dir='ltr'><strong>Gorgia.</strong></span> <span class='ocrx_word' id='word_1_231' title='bbox 1979 3649 2162 3704; x_wconf 84' lang='lat' dir='ltr'><strong>Tusc.</strong></span> 
     </span>
     <span class='ocr_line' id='line_1_38' title="bbox 857 3723 2165 3800; baseline -0.008 -12"><span class='ocrx_word' id='word_1_232' title='bbox 857 3734 915 3793; x_wconf 87' lang='grc'><strong>5,</strong></span> <span class='ocrx_word' id='word_1_233' title='bbox 951 3735 1047 3791; x_wconf 90' lang='grc'><strong>12,</strong></span> <span class='ocrx_word' id='word_1_234' title='bbox 1075 3727 1168 3785; x_wconf 81' lang='grc'><strong>54.</strong></span> <span class='ocrx_word' id='word_1_235' title='bbox 1199 3755 1260 3768; x_wconf 87' lang='grc'><strong>-</strong></span> <span class='ocrx_word' id='word_1_236' title='bbox 1296 3725 1455 3796; x_wconf 84' lang='lat' dir='ltr'><strong>Quid</strong></span> <span class='ocrx_word' id='word_1_237' title='bbox 1496 3724 1755 3800; x_wconf 87' lang='lat' dir='ltr'><strong>disputet</strong></span> <span class='ocrx_word' id='word_1_238' title='bbox 1794 3727 1876 3779; x_wconf 84' lang='lat' dir='ltr'><strong>in·</strong></span> <span class='ocrx_word' id='word_1_239' title='bbox 1896 3723 2165 3781; x_wconf 86' lang='lat' dir='ltr'><strong>Platonis</strong></span> 
     </span>
     <span class='ocr_line' id='line_1_39' title="bbox 855 3799 2169 3875; baseline -0.005 -14"><span class='ocrx_word' id='word_1_240' title='bbox 855 3803 1201 3861; x_wconf 87' lang='lat' dir='ltr'><strong>Phaedone.</strong></span> <span class='ocrx_word' id='word_1_241' title='bbox 1287 3820 1399 3875; x_wconf 86' lang='lat' dir='ltr'><strong>pro</strong></span> <span class='ocrx_word' id='word_1_242' title='bbox 1446 3799 1679 3857; x_wconf 87' lang='lat' dir='ltr'><strong>Scauro</strong></span> <span class='ocrx_word' id='word_1_243' title='bbox 1722 3809 1789 3866; x_wconf 86' lang='grc'><strong>2,</strong></span> <span class='ocrx_word' id='word_1_244' title='bbox 1838 3805 1894 3857; x_wconf 76' lang='lat' dir='ltr'><strong>li.</strong></span> <span class='ocrx_word' id='word_1_245' title='bbox 1937 3830 2011 3843; x_wconf 91' lang='lat'>—</span> <span class='ocrx_word' id='word_1_246' title='bbox 2052 3799 2169 3856; x_wconf 90' lang='lat' dir='ltr'><strong>So-</strong></span> 
     </span>
     <span class='ocr_line' id='line_1_40' title="bbox 857 3876 2164 4013; baseline -0.004 -79"><span class='ocrx_word' id='word_1_247' title='bbox 857 3889 1081 4010; x_wconf 50' lang='lat' dir='ltr'><strong>cirags,</strong></span> <span class='ocrx_word' id='word_1_248' title='bbox 1115 3879 1216 4008; x_wconf 47' lang='lat' dir='ltr'><strong>&lt;ini</strong></span> <span class='ocrx_word' id='word_1_249' title='bbox 1240 3889 1334 4013; x_wconf 56' lang='lat' dir='ltr'><strong>{st</strong></span> <span class='ocrx_word' id='word_1_250' title='bbox 1354 3897 1424 4010; x_wconf 51' lang='lat' dir='ltr'><strong>{g</strong></span> <span class='ocrx_word' id='word_1_251' title='bbox 1452 3876 1726 4007; x_wconf 46' lang='lat' dir='ltr'><strong>Phaedro</strong></span> <span class='ocrx_word' id='word_1_252' title='bbox 1739 3876 2021 4007; x_wconf 46' lang='lat' dir='ltr'><strong>Il&#39;llattzlnis</strong></span> <span class='ocrx_word' id='word_1_253' title='bbox 2049 3885 2164 4007; x_wconf 52' lang='lat' dir='ltr'><strong>«get.</strong></span> 
     </span>
    </p>

    <p class='ocr_par' dir='ltr' id='par_1_9' title="bbox 857 3969 2172 4328">
     <span class='ocr_line' id='line_1_41' title="bbox 902 3969 2170 4019; baseline -0.002 -10"><span class='ocrx_word' id='word_1_254' title='bbox 902 3969 2170 4019; x_wconf 85' lang='lat' dir='ltr'><strong>cr.„.-naeroo-</strong></span> 
     </span>
     <span class='ocr_line' id='line_1_42' title="bbox 857 4026 2165 4104; baseline -0.002 -20"><span class='ocrx_word' id='word_1_255' title='bbox 857 4030 1091 4104; x_wconf 84' lang='lat' dir='ltr'><strong>phistas</strong></span> <span class='ocrx_word' id='word_1_256' title='bbox 1130 4026 1599 4104; x_wconf 69' lang='grc' dir='ltr'><strong><em>λογοδαιὸάλυυς</em></strong></span> <span class='ocrx_word' id='word_1_257' title='bbox 1639 4028 1918 4102; x_wconf 84' lang='lat' dir='ltr'><strong>appellat.</strong></span> <span class='ocrx_word' id='word_1_258' title='bbox 1992 4026 2165 4082; x_wconf 85' lang='lat' dir='ltr'><strong>Orat.</strong></span> 
     </span>
     <span class='ocr_line' id='line_1_43' title="bbox 862 4100 2172 4178; baseline -0.003 -17"><span class='ocrx_word' id='word_1_259' title='bbox 862 4113 970 4168; x_wconf 88' lang='grc'><strong>12,</strong></span> <span class='ocrx_word' id='word_1_260' title='bbox 1017 4110 1112 4163; x_wconf 76' lang='grc'><strong>59.</strong></span> <span class='ocrx_word' id='word_1_261' title='bbox 1168 4132 1243 4147; x_wconf 90' lang='lat'>-</span> <span class='ocrx_word' id='word_1_262' title='bbox 1290 4103 1361 4158; x_wconf 89' lang='lat' dir='ltr'><strong>In</strong></span> <span class='ocrx_word' id='word_1_263' title='bbox 1413 4102 1621 4159; x_wconf 90' lang='lat' dir='ltr'><strong>eodem</strong></span> <span class='ocrx_word' id='word_1_264' title='bbox 1674 4103 1912 4178; x_wconf 82' lang='lat' dir='ltr'><strong>dialogo</strong></span> <span class='ocrx_word' id='word_1_265' title='bbox 1971 4100 2172 4158; x_wconf 87' lang='lat' dir='ltr'><strong>laudat</strong></span> 
     </span>
     <span class='ocr_line' id='line_1_44' title="bbox 861 4175 2170 4243; baseline -0.003 -7"><span class='ocrx_word' id='word_1_266' title='bbox 861 4181 1213 4236; x_wconf 87' lang='lat' dir='ltr'><strong>Isocratem.</strong></span> <span class='ocrx_word' id='word_1_267' title='bbox 1295 4177 1448 4234; x_wconf 89' lang='lat' dir='ltr'><strong>Ihid.</strong></span> <span class='ocrx_word' id='word_1_268' title='bbox 1501 4185 1598 4243; x_wconf 88' lang='grc'><strong>15,</strong></span> <span class='ocrx_word' id='word_1_269' title='bbox 1642 4179 1734 4236; x_wconf 85' lang='grc'><strong>41.</strong></span> <span class='ocrx_word' id='word_1_270' title='bbox 1772 4207 1846 4221; x_wconf 90' lang='grc'><strong>-</strong></span> <span class='ocrx_word' id='word_1_271' title='bbox 1887 4175 2170 4234; x_wconf 82' lang='lat' dir='ltr'><strong>Socrates</strong></span> 
     </span>
     <span class='ocr_line' id='line_1_45' title="bbox 863 4252 2170 4328; baseline -0.002 -18"><span class='ocrx_word' id='word_1_272' title='bbox 863 4253 1021 4328; x_wconf 85' lang='lat' dir='ltr'><strong>apud</strong></span> <span class='ocrx_word' id='word_1_273' title='bbox 1051 4254 1361 4310; x_wconf 86' lang='lat' dir='ltr'><strong>Platonem</strong></span> <span class='ocrx_word' id='word_1_274' title='bbox 1401 4252 1517 4310; x_wconf 88' lang='lat' dir='ltr'><strong>sibi</strong></span> <span class='ocrx_word' id='word_1_275' title='bbox 1557 4272 1686 4310; x_wconf 89' lang='lat' dir='ltr'><strong>rem</strong></span> <span class='ocrx_word' id='word_1_276' title='bbox 1711 4253 2012 4327; x_wconf 89' lang='lat' dir='ltr'><strong>publicam</strong></span> <span class='ocrx_word' id='word_1_277' title='bbox 2041 4253 2170 4327; x_wconf 86' lang='lat' dir='ltr'><strong>ipse</strong></span> 
     </span>
    </p>
   </div>
   <div class='ocr_carea' id='block_1_8' title="bbox 862 4328 2205 4396">
    <p class='ocr_par' dir='ltr' id='par_1_10' title="bbox 862 4328 2205 4396">
     <span class='ocr_line' id='line_1_46' title="bbox 862 4328 2205 4396; baseline -0.007 -8"><span class='ocrx_word' id='word_1_278' title='bbox 862 4329 1062 4388; x_wconf 82' lang='lat' dir='ltr'><strong>finxit.</strong></span> <span class='ocrx_word' id='word_1_279' title='bbox 1121 4330 1195 4385; x_wconf 92' lang='lat' dir='ltr'><strong>de</strong></span> <span class='ocrx_word' id='word_1_280' title='bbox 1236 4329 1318 4385; x_wconf 76' lang='lat' dir='ltr'><strong>Re</strong></span> <span class='ocrx_word' id='word_1_281' title='bbox 1367 4369 1380 4383; x_wconf 92' lang='lat'><strong>.</strong></span> <span class='ocrx_word' id='word_1_282' title='bbox 1425 4337 1478 4396; x_wconf 87' lang='grc'><strong>2,</strong></span> <span class='ocrx_word' id='word_1_283' title='bbox 1524 4339 1576 4393; x_wconf 87' lang='grc'><strong>1,</strong></span> <span class='ocrx_word' id='word_1_284' title='bbox 1622 4337 1676 4389; x_wconf 86' lang='grc'><strong>5.</strong></span> <span class='ocrx_word' id='word_1_285' title='bbox 1734 4328 1887 4385; x_wconf 87' lang='lat' dir='ltr'><strong>Ihid.</strong></span> <span class='ocrx_word' id='word_1_286' title='bbox 1940 4340 2028 4394; x_wconf 82' lang='lat'><strong>11,</strong></span> <span class='ocrx_word' id='word_1_287' title='bbox 2072 4336 2166 4385; x_wconf 83' lang='lat'><strong>22.</strong></span> <span class='ocrx_word' id='word_1_288' title='bbox 2204 4375 2205 4379; x_wconf 75' lang='grc'><strong>,</strong></span> 
     </span>
    </p>
   </div>
   <div class='ocr_carea' id='block_1_9' title="bbox 862 4403 2170 4470">
    <p class='ocr_par' dir='ltr' id='par_1_11' title="bbox 862 4403 2170 4470">
     <span class='ocr_line' id='line_1_47' title="bbox 862 4403 2170 4470; baseline -0.002 -8"><span class='ocrx_word' id='word_1_289' title='bbox 862 4404 1019 4462; x_wconf 82' lang='lat' dir='ltr'><strong>Ihid.</strong></span> <span class='ocrx_word' id='word_1_290' title='bbox 1052 4411 1147 4470; x_wconf 90' lang='grc'><strong>29,</strong></span> <span class='ocrx_word' id='word_1_291' title='bbox 1178 4409 1271 4464; x_wconf 90' lang='grc'><strong>51.</strong></span> <span class='ocrx_word' id='word_1_292' title='bbox 1360 4403 1480 4460; x_wconf 84' lang='grc'><strong>1)10.</strong></span> <span class='ocrx_word' id='word_1_293' title='bbox 1513 4412 1604 4465; x_wconf 86' lang='grc'><strong>50.</strong></span> <span class='ocrx_word' id='word_1_294' title='bbox 1635 4410 1725 4462; x_wconf 87' lang='grc'><strong>52.</strong></span> <span class='ocrx_word' id='word_1_295' title='bbox 1771 4429 1842 4444; x_wconf 91' lang='lat'>-</span> <span class='ocrx_word' id='word_1_296' title='bbox 1885 4403 2170 4461; x_wconf 84' lang='lat' dir='ltr'><strong>Socrates</strong></span> 
     </span>
    </p>
   </div>
   <div class='ocr_carea' id='block_1_10' title="bbox 754 4479 2167 4555">
    <p class='ocr_par' dir='ltr' id='par_1_12' title="bbox 754 4479 2167 4555">
     <span class='ocr_line' id='line_1_48' title="bbox 754 4479 2167 4555; baseline -0.002 -19"><span class='ocrx_word' id='word_1_297' title='bbox 754 4528 761 4535; x_wconf 94' lang='lat'><strong>.</strong></span> <span class='ocrx_word' id='word_1_298' title='bbox 864 4483 929 4536; x_wconf 87' lang='lat' dir='ltr'><strong>in</strong></span> <span class='ocrx_word' id='word_1_299' title='bbox 988 4480 1258 4536; x_wconf 85' lang='lat' dir='ltr'><strong>Platonis</strong></span> <span class='ocrx_word' id='word_1_300' title='bbox 1316 4481 1528 4537; x_wconf 88' lang='lat' dir='ltr'><strong>Politia</strong></span> <span class='ocrx_word' id='word_1_301' title='bbox 1587 4481 1720 4536; x_wconf 79' lang='lat' dir='ltr'><strong>Lib.</strong></span> <span class='ocrx_word' id='word_1_302' title='bbox 1763 4479 1874 4536; x_wconf 88' lang='lat' dir='ltr'><strong>IX.</strong></span> <span class='ocrx_word' id='word_1_303' title='bbox 1931 4498 1992 4555; x_wconf 88' lang='lat' dir='ltr'><strong>p.</strong></span> <span class='ocrx_word' id='word_1_304' title='bbox 2038 4484 2167 4538; x_wconf 89' lang='grc'><strong>571.</strong></span> 
     </span>
    </p>
   </div>
   <div class='ocr_carea' id='block_1_11' title="bbox 864 4555 2176 5316">
    <p class='ocr_par' dir='ltr' id='par_1_13' title="bbox 864 4555 2176 5316">
     <span class='ocr_line' id='line_1_49' title="bbox 865 4555 2173 4632; baseline -0.003 -19"><span class='ocrx_word' id='word_1_305' title='bbox 865 4557 1077 4632; x_wconf 84' lang='lat' dir='ltr'><strong>Steph.</strong></span> <span class='ocrx_word' id='word_1_306' title='bbox 1123 4556 1194 4611; x_wconf 93' lang='lat' dir='ltr'><strong>de</strong></span> <span class='ocrx_word' id='word_1_307' title='bbox 1233 4555 1436 4612; x_wconf 83' lang='lat' dir='ltr'><strong>Divin.</strong></span> <span class='ocrx_word' id='word_1_308' title='bbox 1480 4567 1536 4621; x_wconf 91' lang='grc'><strong>1,</strong></span> <span class='ocrx_word' id='word_1_309' title='bbox 1575 4562 1668 4622; x_wconf 87' lang='grc'><strong>29,</strong></span> <span class='ocrx_word' id='word_1_310' title='bbox 1701 4563 1792 4614; x_wconf 88' lang='grc'><strong>60.</strong></span> <span class='ocrx_word' id='word_1_311' title='bbox 1835 4585 1909 4599; x_wconf 91' lang='lat'><strong>—-</strong></span> <span class='ocrx_word' id='word_1_312' title='bbox 1949 4555 2173 4612; x_wconf 88' lang='lat' dir='ltr'><strong>Socra-</strong></span> 
     </span>
     <span class='ocr_line' id='line_1_50' title="bbox 864 4630 2173 4708; baseline 0.001 -23"><span class='ocrx_word' id='word_1_313' title='bbox 864 4640 955 4689; x_wconf 87' lang='lat' dir='ltr'><strong>tes</strong></span> <span class='ocrx_word' id='word_1_314' title='bbox 1007 4650 1146 4688; x_wconf 86' lang='lat' dir='ltr'><strong>cum</strong></span> <span class='ocrx_word' id='word_1_315' title='bbox 1184 4630 1496 4688; x_wconf 84' lang='lat' dir='ltr'><strong>Critobulo</strong></span> <span class='ocrx_word' id='word_1_316' title='bbox 1548 4630 1812 4708; x_wconf 88' lang='lat' dir='ltr'><strong>loquitur</strong></span> <span class='ocrx_word' id='word_1_317' title='bbox 1859 4633 1920 4686; x_wconf 90' lang='lat' dir='ltr'><strong>in</strong></span> <span class='ocrx_word' id='word_1_318' title='bbox 1966 4630 2173 4686; x_wconf 86' lang='lat' dir='ltr'><strong>Xeno-</strong></span> 
     </span>
     <span class='ocr_line' id='line_1_51' title="bbox 910 4705 2168 4770; baseline -0.003 -7"><span class='ocrx_word' id='word_1_319' title='bbox 910 4709 1111 4763; x_wconf 84' lang='lat' dir='ltr'><strong>hontis</strong></span> <span class='ocrx_word' id='word_1_320' title='bbox 1151 4705 1580 4763; x_wconf 84' lang='lat' dir='ltr'><strong>Oeconomico.</strong></span> <span class='ocrx_word' id='word_1_321' title='bbox 1641 4706 1790 4763; x_wconf 87' lang='lat' dir='ltr'><strong>Cato</strong></span> <span class='ocrx_word' id='word_1_322' title='bbox 1834 4712 1924 4770; x_wconf 86' lang='lat'><strong>17,</strong></span> <span class='ocrx_word' id='word_1_323' title='bbox 1964 4711 2057 4764; x_wconf 91' lang='grc'><strong>59.</strong></span> <span class='ocrx_word' id='word_1_324' title='bbox 2106 4735 2168 4748; x_wconf 90' lang='grc'>-</span> 
     </span>
     <span class='ocr_line' id='line_1_52' title="bbox 898 4779 2176 4839; baseline -0.003 0"><span class='ocrx_word' id='word_1_325' title='bbox 898 4782 908 4798; x_wconf 83' lang='grc'><em>“</em></span> <span class='ocrx_word' id='word_1_326' title='bbox 956 4793 1154 4839; x_wconf 87' lang='lat' dir='ltr'><strong>crates</strong></span> <span class='ocrx_word' id='word_1_327' title='bbox 1208 4800 1419 4838; x_wconf 90' lang='lat' dir='ltr'><strong>scurra</strong></span> <span class='ocrx_word' id='word_1_328' title='bbox 1461 4782 1697 4838; x_wconf 86' lang='lat' dir='ltr'><strong>Atticus</strong></span> <span class='ocrx_word' id='word_1_329' title='bbox 1746 4781 1938 4836; x_wconf 87' lang='lat' dir='ltr'><strong>dictus</strong></span> <span class='ocrx_word' id='word_1_330' title='bbox 1979 4799 2014 4835; x_wconf 86' lang='lat' dir='ltr'><strong>a</strong></span> <span class='ocrx_word' id='word_1_331' title='bbox 2055 4779 2176 4836; x_wconf 89' lang='lat' dir='ltr'><strong>Ze-</strong></span> 
     </span>
     <span class='ocr_line' id='line_1_53' title="bbox 867 4856 2170 4933; baseline -0.003 -19"><span class='ocrx_word' id='word_1_332' title='bbox 867 4877 1026 4915; x_wconf 87' lang='lat' dir='ltr'><strong>none</strong></span> <span class='ocrx_word' id='word_1_333' title='bbox 1068 4858 1391 4933; x_wconf 86' lang='lat' dir='ltr'><strong>Epicureo.</strong></span> <span class='ocrx_word' id='word_1_334' title='bbox 1450 4857 1521 4912; x_wconf 90' lang='lat' dir='ltr'><strong>de</strong></span> <span class='ocrx_word' id='word_1_335' title='bbox 1546 4856 1684 4911; x_wconf 86' lang='lat' dir='ltr'><strong>Nat.</strong></span> <span class='ocrx_word' id='word_1_336' title='bbox 1715 4856 1790 4912; x_wconf 88' lang='lat' dir='ltr'><strong>D.</strong></span> <span class='ocrx_word' id='word_1_337' title='bbox 1839 4867 1894 4919; x_wconf 79' lang='lat'><strong>1.</strong></span> <span class='ocrx_word' id='word_1_338' title='bbox 1939 4857 2033 4921; x_wconf 72' lang='lat'><strong>34.</strong></span> <span class='ocrx_word' id='word_1_339' title='bbox 2074 4860 2170 4915; x_wconf 92' lang='grc'><strong>95.</strong></span> 
     </span>
     <span class='ocr_line' id='line_1_54' title="bbox 875 4929 2176 5008; baseline -0.004 -17"><span class='ocrx_word' id='word_1_340' title='bbox 875 4965 937 4976; x_wconf 93' lang='grc'><strong>-</strong></span> <span class='ocrx_word' id='word_1_341' title='bbox 984 4934 1181 4991; x_wconf 86' lang='lat' dir='ltr'><strong>Homo</strong></span> <span class='ocrx_word' id='word_1_342' title='bbox 1220 4931 1495 4989; x_wconf 74' lang='lat' dir='ltr'><strong>sufflatus</strong></span> <span class='ocrx_word' id='word_1_343' title='bbox 1537 4951 1658 4987; x_wconf 89' lang='lat' dir='ltr'><strong>non</strong></span> <span class='ocrx_word' id='word_1_344' title='bbox 1698 4931 1932 5008; x_wconf 87' lang='lat' dir='ltr'><strong>quaerit</strong></span> <span class='ocrx_word' id='word_1_345' title='bbox 1958 4929 2176 4988; x_wconf 86' lang='lat' dir='ltr'><strong>Socra-</strong></span> 
     </span>
     <span class='ocr_line' id='line_1_55' title="bbox 869 5005 2170 5083; baseline -0.002 -17"><span class='ocrx_word' id='word_1_346' title='bbox 869 5013 947 5066; x_wconf 91' lang='lat' dir='ltr'><strong>tis</strong></span> <span class='ocrx_word' id='word_1_347' title='bbox 992 5012 1265 5083; x_wconf 78' lang='lat' dir='ltr'><strong>vestigia.</strong></span> <span class='ocrx_word' id='word_1_348' title='bbox 1347 5008 1544 5064; x_wconf 90' lang='lat' dir='ltr'><strong>Varro</strong></span> <span class='ocrx_word' id='word_1_349' title='bbox 1584 5007 1687 5063; x_wconf 87' lang='lat' dir='ltr'><strong>Fr.</strong></span> <span class='ocrx_word' id='word_1_350' title='bbox 1734 5026 1791 5082; x_wconf 82' lang='lat' dir='ltr'><strong>p.</strong></span> <span class='ocrx_word' id='word_1_351' title='bbox 1825 5013 1954 5066; x_wconf 88' lang='grc'><strong>261.</strong></span> <span class='ocrx_word' id='word_1_352' title='bbox 2035 5005 2170 5081; x_wconf 81' lang='lat' dir='ltr'><strong>Bip.</strong></span> 
     </span>
     <span class='ocr_line' id='line_1_56' title="bbox 869 5082 2176 5151; baseline -0.002 -9"><span class='ocrx_word' id='word_1_353' title='bbox 869 5086 1121 5142; x_wconf 86' lang='lat' dir='ltr'><strong>Tuscul.</strong></span> <span class='ocrx_word' id='word_1_354' title='bbox 1165 5092 1221 5150; x_wconf 84' lang='lat'><strong>5.</strong></span> <span class='ocrx_word' id='word_1_355' title='bbox 1265 5093 1318 5151; x_wconf 87' lang='grc'><strong>9,</strong></span> <span class='ocrx_word' id='word_1_356' title='bbox 1362 5088 1450 5143; x_wconf 86' lang='grc'><strong>26.</strong></span> <span class='ocrx_word' id='word_1_357' title='bbox 1507 5083 1578 5140; x_wconf 87' lang='grc'><strong>00</strong></span> <span class='ocrx_word' id='word_1_358' title='bbox 1604 5084 1736 5140; x_wconf 86' lang='lat' dir='ltr'><strong>Nat.</strong></span> <span class='ocrx_word' id='word_1_359' title='bbox 1766 5082 1841 5138; x_wconf 94' lang='lat' dir='ltr'><strong>D.</strong></span> <span class='ocrx_word' id='word_1_360' title='bbox 1885 5090 1941 5149; x_wconf 80' lang='lat'><strong>2,</strong></span> <span class='ocrx_word' id='word_1_361' title='bbox 1984 5090 2042 5150; x_wconf 80' lang='lat'><strong>6,</strong></span> <span class='ocrx_word' id='word_1_362' title='bbox 2089 5091 2176 5143; x_wconf 87' lang='grc'><strong>18.</strong></span> 
     </span>
     <span class='ocr_line' id='line_1_57' title="bbox 868 5156 2172 5228; baseline -0.002 -9"><span class='ocrx_word' id='word_1_363' title='bbox 868 5160 1026 5219; x_wconf 77' lang='lat' dir='ltr'><strong>Ibid-</strong></span> <span class='ocrx_word' id='word_1_364' title='bbox 1068 5165 1136 5227; x_wconf 87' lang='grc'><strong>5,</strong></span> <span class='ocrx_word' id='word_1_365' title='bbox 1182 5171 1288 5228; x_wconf 92' lang='grc'><strong>11,</strong></span> <span class='ocrx_word' id='word_1_366' title='bbox 1330 5164 1424 5220; x_wconf 88' lang='grc'><strong>26.</strong></span> <span class='ocrx_word' id='word_1_367' title='bbox 1482 5159 1556 5216; x_wconf 83' lang='grc'><strong>00</strong></span> <span class='ocrx_word' id='word_1_368' title='bbox 1597 5156 1773 5216; x_wconf 81' lang='lat' dir='ltr'><strong>offic.</strong></span> <span class='ocrx_word' id='word_1_369' title='bbox 1817 5163 1886 5224; x_wconf 86' lang='grc'><strong>5,</strong></span> <span class='ocrx_word' id='word_1_370' title='bbox 1932 5164 2035 5225; x_wconf 88' lang='grc'><strong>19,</strong></span> <span class='ocrx_word' id='word_1_371' title='bbox 2080 5165 2172 5218; x_wconf 91' lang='grc'><strong>77.</strong></span> 
     </span>
     <span class='ocr_line' id='line_1_58' title="bbox 870 5236 2089 5316; baseline -0.002 -21"><span class='ocrx_word' id='word_1_372' title='bbox 870 5238 1178 5315; x_wconf 76' lang='lat' dir='ltr'><strong>Fragmm.</strong></span> <span class='ocrx_word' id='word_1_373' title='bbox 1220 5257 1282 5313; x_wconf 83' lang='lat' dir='ltr'><strong>p.</strong></span> <span class='ocrx_word' id='word_1_374' title='bbox 1311 5240 1445 5300; x_wconf 91' lang='grc'><strong>477.</strong></span> <span class='ocrx_word' id='word_1_375' title='bbox 1521 5236 1825 5316; x_wconf 80' lang='lat' dir='ltr'><strong>Fragmm.</strong></span> <span class='ocrx_word' id='word_1_376' title='bbox 1866 5253 1930 5311; x_wconf 88' lang='lat' dir='ltr'><strong>p.</strong></span> <span class='ocrx_word' id='word_1_377' title='bbox 1957 5237 2089 5298; x_wconf 80' lang='grc'><strong>481.</strong></span> 
     </span>
    </p>
   </div>
   <div class='ocr_carea' id='block_1_12' title="bbox 3400 645 3527 714">
    <p class='ocr_par' dir='ltr' id='par_1_14' title="bbox 3400 645 3527 714">
     <span class='ocr_line' id='line_1_59' title="bbox 3400 645 3527 714; baseline -0.008 0"><span class='ocrx_word' id='word_1_378' title='bbox 3400 645 3527 714; x_wconf 77' lang='grc'><strong>555</strong></span> 
     </span>
    </p>
   </div>
   <div class='ocr_carea' id='block_1_13' title="bbox 2224 781 3529 933">
    <p class='ocr_par' dir='ltr' id='par_1_15' title="bbox 2224 781 3529 933">
     <span class='ocr_line' id='line_1_60' title="bbox 2297 781 3529 865; baseline 0.006 -25"><span class='ocrx_word' id='word_1_379' title='bbox 2297 781 2643 841; x_wconf 68' lang='lat' dir='ltr'><strong>Sociis-rica</strong></span> <span class='ocrx_word' id='word_1_380' title='bbox 2679 783 2839 840; x_wconf 88' lang='lat' dir='ltr'><strong>ratio</strong></span> <span class='ocrx_word' id='word_1_381' title='bbox 2877 794 3093 842; x_wconf 87' lang='lat' dir='ltr'><strong>eontra</strong></span> <span class='ocrx_word' id='word_1_382' title='bbox 3117 784 3366 845; x_wconf 88' lang='lat' dir='ltr'><strong>alterius</strong></span> <span class='ocrx_word' id='word_1_383' title='bbox 3393 790 3529 865; x_wconf 89' lang='lat' dir='ltr'><strong>opi-</strong></span> 
     </span>
     <span class='ocr_line' id='line_1_61' title="bbox 2224 859 3524 933; baseline 0.005 -20"><span class='ocrx_word' id='word_1_384' title='bbox 2224 859 2466 917; x_wconf 87' lang='lat' dir='ltr'><strong>nionem</strong></span> <span class='ocrx_word' id='word_1_385' title='bbox 2504 859 2863 916; x_wconf 85' lang='lat' dir='ltr'><strong>disserendi.</strong></span> <span class='ocrx_word' id='word_1_386' title='bbox 2941 860 3192 919; x_wconf 87' lang='lat' dir='ltr'><strong>Tuscul.</strong></span> <span class='ocrx_word' id='word_1_387' title='bbox 3240 871 3310 930; x_wconf 87' lang='lat'><strong>1,</strong></span> <span class='ocrx_word' id='word_1_388' title='bbox 3352 865 3426 933; x_wconf 89' lang='grc'><strong>4,</strong></span> <span class='ocrx_word' id='word_1_389' title='bbox 3465 871 3524 925; x_wconf 88' lang='grc'><strong>8.</strong></span> 
     </span>
    </p>
   </div>
   <div class='ocr_carea' id='block_1_14' title="bbox 2222 950 3535 2303">
    <p class='ocr_par' dir='ltr' id='par_1_16' title="bbox 2223 950 3533 1394">
     <span class='ocr_line' id='line_1_62' title="bbox 2300 950 3523 1028; baseline 0.006 -19"><span class='ocrx_word' id='word_1_390' title='bbox 2300 950 2628 1009; x_wconf 66' lang='lat' dir='ltr'><strong>Socasrxcx</strong></span> <span class='ocrx_word' id='word_1_391' title='bbox 2707 952 3030 1028; x_wconf 80' lang='lat' dir='ltr'><strong>hilosoplii.</strong></span> <span class='ocrx_word' id='word_1_392' title='bbox 3096 952 3169 1010; x_wconf 88' lang='lat' dir='ltr'><strong>de</strong></span> <span class='ocrx_word' id='word_1_393' title='bbox 3198 954 3307 1013; x_wconf 91' lang='lat' dir='ltr'><strong>Or.</strong></span> <span class='ocrx_word' id='word_1_394' title='bbox 3339 965 3395 1026; x_wconf 77' lang='lat'><strong>3,</strong></span> <span class='ocrx_word' id='word_1_395' title='bbox 3430 963 3523 1024; x_wconf 89' lang='grc'><strong>19,</strong></span> 
     </span>
     <span class='ocr_line' id='line_1_63' title="bbox 2225 1020 3529 1104; baseline 0.003 -19"><span class='ocrx_word' id='word_1_396' title='bbox 2225 1020 2296 1085; x_wconf 80' lang='grc'><strong>72</strong></span> <span class='ocrx_word' id='word_1_397' title='bbox 2322 1038 2382 1083; x_wconf 88' lang='lat' dir='ltr'><strong>et</strong></span> <span class='ocrx_word' id='word_1_398' title='bbox 2408 1031 2500 1087; x_wconf 89' lang='grc'><strong>75.</strong></span> <span class='ocrx_word' id='word_1_399' title='bbox 2544 1057 2617 1071; x_wconf 92' lang='lat'><strong>—-</strong></span> <span class='ocrx_word' id='word_1_400' title='bbox 2708 1045 2882 1084; x_wconf 81' lang='lat' dir='ltr'><strong>orum</strong></span> <span class='ocrx_word' id='word_1_401' title='bbox 2923 1031 3093 1104; x_wconf 83' lang='lat' dir='ltr'><strong>quasi</strong></span> <span class='ocrx_word' id='word_1_402' title='bbox 3117 1031 3374 1088; x_wconf 81' lang='lat' dir='ltr'><strong>familiae</strong></span> <span class='ocrx_word' id='word_1_403' title='bbox 3401 1033 3529 1089; x_wconf 91' lang='lat' dir='ltr'><strong>dis-</strong></span> 
     </span>
     <span class='ocr_line' id='line_1_64' title="bbox 2223 1103 3530 1164; baseline 0.005 -6"><span class='ocrx_word' id='word_1_404' title='bbox 2223 1104 2546 1160; x_wconf 86' lang='lat' dir='ltr'><strong>sentientes</strong></span> <span class='ocrx_word' id='word_1_405' title='bbox 2599 1103 2758 1159; x_wconf 90' lang='lat' dir='ltr'><strong>inter</strong></span> <span class='ocrx_word' id='word_1_406' title='bbox 2794 1120 2859 1159; x_wconf 91' lang='lat' dir='ltr'><strong>se</strong></span> <span class='ocrx_word' id='word_1_407' title='bbox 2911 1115 2971 1160; x_wconf 91' lang='lat' dir='ltr'><strong>et</strong></span> <span class='ocrx_word' id='word_1_408' title='bbox 3007 1103 3257 1160; x_wconf 79' lang='lat' dir='ltr'><strong>multum</strong></span> <span class='ocrx_word' id='word_1_409' title='bbox 3294 1106 3530 1164; x_wconf 89' lang='lat' dir='ltr'><strong>disiun-</strong></span> 
     </span>
     <span class='ocr_line' id='line_1_65' title="bbox 2225 1177 3530 1245; baseline 0.006 -13"><span class='ocrx_word' id='word_1_410' title='bbox 2225 1187 2374 1233; x_wconf 87' lang='lat' dir='ltr'><strong>ctae.</strong></span> <span class='ocrx_word' id='word_1_411' title='bbox 2432 1177 2506 1234; x_wconf 92' lang='lat' dir='ltr'><strong>de</strong></span> <span class='ocrx_word' id='word_1_412' title='bbox 2548 1177 2658 1237; x_wconf 82' lang='lat' dir='ltr'><strong>Or.</strong></span> <span class='ocrx_word' id='word_1_413' title='bbox 2700 1183 2756 1245; x_wconf 87' lang='grc'><strong>5,</strong></span> <span class='ocrx_word' id='word_1_414' title='bbox 2800 1183 2894 1245; x_wconf 90' lang='grc'><strong>16,</strong></span> <span class='ocrx_word' id='word_1_415' title='bbox 2935 1182 3005 1238; x_wconf 87' lang='grc'><strong>61</strong></span> <span class='ocrx_word' id='word_1_416' title='bbox 3048 1188 3110 1235; x_wconf 87' lang='lat' dir='ltr'><strong>et</strong></span> <span class='ocrx_word' id='word_1_417' title='bbox 3144 1182 3239 1237; x_wconf 83' lang='lat'><strong>62.</strong></span> <span class='ocrx_word' id='word_1_418' title='bbox 3288 1210 3353 1224; x_wconf 89' lang='lat'>—</span> <span class='ocrx_word' id='word_1_419' title='bbox 3396 1182 3530 1239; x_wconf 83' lang='lat' dir='ltr'><strong>Ma-</strong></span> 
     </span>
     <span class='ocr_line' id='line_1_66' title="bbox 2224 1254 3533 1394; baseline 0.004 -10"><span class='ocrx_word' id='word_1_420' title='bbox 2224 1254 2913 1386; x_wconf 64' lang='lat'><strong>2¹.⁶.:¹.}‡⁰.12¹‘3{32¹.3’.¹·:::.¹¹.¹:</strong></span> <span class='ocrx_word' id='word_1_421' title='bbox 2916 1254 3068 1386; x_wconf 51' lang='lat'><strong>¹²⁵2?</strong></span> <span class='ocrx_word' id='word_1_422' title='bbox 3073 1274 3108 1310; x_wconf 90' lang='lat'><strong>⁰</strong></span> <span class='ocrx_word' id='word_1_423' title='bbox 3144 1256 3367 1388; x_wconf 58' lang='lat'><strong>323⁰?</strong></span> <span class='ocrx_word' id='word_1_424' title='bbox 3389 1275 3533 1394; x_wconf 58' lang='lat'><strong>3⁶¹?</strong></span> 
     </span>
    </p>

    <p class='ocr_par' dir='ltr' id='par_1_17' title="bbox 2222 1367 3535 2303">
     <span class='ocr_line' id='line_1_67' title="bbox 2913 1367 3527 1399; baseline -0.003 -1"><span class='ocrx_word' id='word_1_425' title='bbox 2913 1367 2928 1381; x_wconf 81' lang='lat'>⁸</span> <span class='ocrx_word' id='word_1_426' title='bbox 3276 1373 3290 1387; x_wconf 85' lang='lat'><em>⁰</em></span> <span class='ocrx_word' id='word_1_427' title='bbox 3355 1372 3373 1399; x_wconf 69' lang='lat'>9</span> <span class='ocrx_word' id='word_1_428' title='bbox 3431 1374 3447 1396; x_wconf 66' lang='grc' dir='ltr'><strong>ο</strong></span> <span class='ocrx_word' id='word_1_429' title='bbox 3508 1372 3527 1388; x_wconf 74' lang='lat'><em>⁰</em></span> 
     </span>
     <span class='ocr_line' id='line_1_68' title="bbox 2227 1402 3529 1474; baseline 0.003 -16"><span class='ocrx_word' id='word_1_430' title='bbox 2227 1434 2295 1447; x_wconf 94' lang='lat'><strong>—</strong></span> <span class='ocrx_word' id='word_1_431' title='bbox 2338 1402 2788 1460; x_wconf 82' lang='lat' dir='ltr'><strong>Socraticorum</strong></span> <span class='ocrx_word' id='word_1_432' title='bbox 2815 1403 2979 1461; x_wconf 87' lang='lat' dir='ltr'><strong>libri.</strong></span> <span class='ocrx_word' id='word_1_433' title='bbox 3038 1405 3227 1462; x_wconf 87' lang='lat' dir='ltr'><strong>Acad.</strong></span> <span class='ocrx_word' id='word_1_434' title='bbox 3260 1416 3315 1471; x_wconf 89' lang='grc'><strong>1,</strong></span> <span class='ocrx_word' id='word_1_435' title='bbox 3346 1409 3406 1474; x_wconf 81' lang='grc'><strong>4,</strong></span> <span class='ocrx_word' id='word_1_436' title='bbox 3438 1411 3529 1466; x_wconf 89' lang='grc'><strong>16.</strong></span> 
     </span>
     <span class='ocr_line' id='line_1_69' title="bbox 2229 1478 3532 1557; baseline 0.002 -21"><span class='ocrx_word' id='word_1_437' title='bbox 2229 1511 2291 1522; x_wconf 92' lang='grc'><strong>-</strong></span> <span class='ocrx_word' id='word_1_438' title='bbox 2346 1478 2616 1537; x_wconf 86' lang='lat' dir='ltr'><strong>Urbanis</strong></span> <span class='ocrx_word' id='word_1_439' title='bbox 2668 1491 2727 1536; x_wconf 91' lang='lat' dir='ltr'><strong>et</strong></span> <span class='ocrx_word' id='word_1_440' title='bbox 2777 1481 2986 1536; x_wconf 78' lang='lat' dir='ltr'><strong>facetis</strong></span> <span class='ocrx_word' id='word_1_441' title='bbox 3042 1481 3218 1538; x_wconf 88' lang='lat' dir='ltr'><strong>dictis</strong></span> <span class='ocrx_word' id='word_1_442' title='bbox 3263 1482 3532 1557; x_wconf 84' lang='lat' dir='ltr'><strong>philoso-</strong></span> 
     </span>
     <span class='ocr_line' id='line_1_70' title="bbox 2223 1553 3533 1630; baseline 0.003 -20"><span class='ocrx_word' id='word_1_443' title='bbox 2223 1555 2480 1630; x_wconf 83' lang='lat' dir='ltr'><strong>phorum</strong></span> <span class='ocrx_word' id='word_1_444' title='bbox 2502 1554 2957 1614; x_wconf 75' lang='lat' dir='ltr'><strong>Socraticorum</strong></span> <span class='ocrx_word' id='word_1_445' title='bbox 2975 1553 3116 1613; x_wconf 85' lang='lat' dir='ltr'><strong>lihri</strong></span> <span class='ocrx_word' id='word_1_446' title='bbox 3135 1557 3346 1615; x_wconf 77' lang='lat' dir='ltr'><strong>referti</strong></span> <span class='ocrx_word' id='word_1_447' title='bbox 3372 1567 3533 1615; x_wconf 88' lang='lat' dir='ltr'><strong>sunt.</strong></span> 
     </span>
     <span class='ocr_line' id='line_1_71' title="bbox 2224 1628 3535 1698; baseline 0.003 -11"><span class='ocrx_word' id='word_1_448' title='bbox 2224 1628 2296 1687; x_wconf 87' lang='lat' dir='ltr'><strong>de</strong></span> <span class='ocrx_word' id='word_1_449' title='bbox 2324 1628 2446 1687; x_wconf 69' lang='grc' dir='ltr'><strong>ΟΕ.</strong></span> <span class='ocrx_word' id='word_1_450' title='bbox 2480 1639 2535 1698; x_wconf 91' lang='grc'><strong>1,</strong></span> <span class='ocrx_word' id='word_1_451' title='bbox 2562 1637 2659 1698; x_wconf 91' lang='grc'><strong>29,</strong></span> <span class='ocrx_word' id='word_1_452' title='bbox 2695 1633 2825 1691; x_wconf 77' lang='grc'><strong>104.</strong></span> <span class='ocrx_word' id='word_1_453' title='bbox 2869 1659 2942 1675; x_wconf 93' lang='grc'>-</span> <span class='ocrx_word' id='word_1_454' title='bbox 2981 1628 3285 1689; x_wconf 84' lang='lat' dir='ltr'><strong>Socratici</strong></span> <span class='ocrx_word' id='word_1_455' title='bbox 3310 1634 3373 1691; x_wconf 84' lang='lat' dir='ltr'><strong>in</strong></span> <span class='ocrx_word' id='word_1_456' title='bbox 3400 1651 3535 1691; x_wconf 87' lang='lat' dir='ltr'><strong>ser-</strong></span> 
     </span>
     <span class='ocr_line' id='line_1_72' title="bbox 2222 1705 3532 1781; baseline 0.005 -20"><span class='ocrx_word' id='word_1_457' title='bbox 2222 1707 2423 1763; x_wconf 83' lang='lat' dir='ltr'><strong>monis</strong></span> <span class='ocrx_word' id='word_1_458' title='bbox 2477 1705 2685 1781; x_wconf 82' lang='lat' dir='ltr'><strong>lepore</strong></span> <span class='ocrx_word' id='word_1_459' title='bbox 2741 1708 2998 1764; x_wconf 85' lang='lat' dir='ltr'><strong>maxime</strong></span> <span class='ocrx_word' id='word_1_460' title='bbox 3057 1706 3382 1765; x_wconf 87' lang='lat' dir='ltr'><strong>excellunt.</strong></span> <span class='ocrx_word' id='word_1_461' title='bbox 3458 1707 3532 1767; x_wconf 88' lang='lat' dir='ltr'><strong>de</strong></span> 
     </span>
     <span class='ocr_line' id='line_1_73' title="bbox 2223 1779 3528 1857; baseline 0.002 -18"><span class='ocrx_word' id='word_1_462' title='bbox 2223 1779 2346 1839; x_wconf 79' lang='lat' dir='ltr'><strong>Off.</strong></span> <span class='ocrx_word' id='word_1_463' title='bbox 2390 1786 2445 1846; x_wconf 89' lang='grc'><strong>1,</strong></span> <span class='ocrx_word' id='word_1_464' title='bbox 2476 1785 2571 1848; x_wconf 86' lang='grc'><strong>57,</strong></span> <span class='ocrx_word' id='word_1_465' title='bbox 2607 1784 2733 1840; x_wconf 82' lang='grc'><strong>154.</strong></span> <span class='ocrx_word' id='word_1_466' title='bbox 2778 1811 2851 1824; x_wconf 95' lang='grc'>-</span> <span class='ocrx_word' id='word_1_467' title='bbox 2890 1780 3012 1839; x_wconf 82' lang='lat' dir='ltr'><strong>Eos</strong></span> <span class='ocrx_word' id='word_1_468' title='bbox 3053 1781 3257 1857; x_wconf 73' lang='lat' dir='ltr'><strong>legunt</strong></span> <span class='ocrx_word' id='word_1_469' title='bbox 3294 1800 3528 1852; x_wconf 84' lang='lat' dir='ltr'><strong>omnes,</strong></span> 
     </span>
     <span class='ocr_line' id='line_1_74' title="bbox 2223 1857 3535 1936; baseline 0.004 -24"><span class='ocrx_word' id='word_1_470' title='bbox 2223 1863 2401 1912; x_wconf 83' lang='lat' dir='ltr'><strong>etiam</strong></span> <span class='ocrx_word' id='word_1_471' title='bbox 2527 1858 2539 1869; x_wconf 81' lang='lat'><strong>&#39;</strong></span> <span class='ocrx_word' id='word_1_472' title='bbox 2580 1875 2787 1915; x_wconf 88' lang='lat' dir='ltr'><strong>eornm</strong></span> <span class='ocrx_word' id='word_1_473' title='bbox 2827 1857 3169 1915; x_wconf 75' lang='lat' dir='ltr'><strong>doctrinam</strong></span> <span class='ocrx_word' id='word_1_474' title='bbox 3215 1878 3341 1918; x_wconf 89' lang='lat' dir='ltr'><strong>non</strong></span> <span class='ocrx_word' id='word_1_475' title='bbox 3386 1879 3535 1936; x_wconf 85' lang='lat' dir='ltr'><strong>pro-</strong></span> 
     </span>
     <span class='ocr_line' id='line_1_75' title="bbox 2222 1929 3534 2002; baseline 0.004 -15"><span class='ocrx_word' id='word_1_476' title='bbox 2222 1929 2391 1988; x_wconf 86' lang='lat' dir='ltr'><strong>bant.</strong></span> <span class='ocrx_word' id='word_1_477' title='bbox 2519 1932 2706 1989; x_wconf 85' lang='lat' dir='ltr'><strong>uscul.</strong></span> <span class='ocrx_word' id='word_1_478' title='bbox 2756 1939 2825 2000; x_wconf 90' lang='grc'><strong>2,</strong></span> <span class='ocrx_word' id='word_1_479' title='bbox 2874 1937 2947 2002; x_wconf 85' lang='grc'><strong>5,</strong></span> <span class='ocrx_word' id='word_1_480' title='bbox 2993 1942 3049 1995; x_wconf 91' lang='grc'><strong>8.</strong></span> <span class='ocrx_word' id='word_1_481' title='bbox 3114 1962 3178 1975; x_wconf 91' lang='grc'>-</span> <span class='ocrx_word' id='word_1_482' title='bbox 3232 1934 3534 1994; x_wconf 85' lang='lat' dir='ltr'><strong>Socratici</strong></span> 
     </span>
     <span class='ocr_line' id='line_1_76' title="bbox 2222 2006 3532 2078; baseline 0.003 -15"><span class='ocrx_word' id='word_1_483' title='bbox 2222 2024 2554 2067; x_wconf 83' lang='lat' dir='ltr'><strong>sermones.</strong></span> <span class='ocrx_word' id='word_1_484' title='bbox 2615 2006 2687 2065; x_wconf 87' lang='lat' dir='ltr'><strong>de</strong></span> <span class='ocrx_word' id='word_1_485' title='bbox 2716 2007 2825 2065; x_wconf 90' lang='lat' dir='ltr'><strong>Or.</strong></span> <span class='ocrx_word' id='word_1_486' title='bbox 2857 2012 2915 2075; x_wconf 88' lang='grc'><strong>5,</strong></span> <span class='ocrx_word' id='word_1_487' title='bbox 2950 2015 3041 2078; x_wconf 88' lang='grc'><strong>18,</strong></span> <span class='ocrx_word' id='word_1_488' title='bbox 3070 2011 3165 2068; x_wconf 87' lang='grc'><strong>67.</strong></span> <span class='ocrx_word' id='word_1_489' title='bbox 3214 2039 3277 2052; x_wconf 94' lang='grc'><strong>-</strong></span> <span class='ocrx_word' id='word_1_490' title='bbox 3321 2009 3375 2069; x_wconf 94' lang='grc' dir='ltr'>Ο</span> <span class='ocrx_word' id='word_1_491' title='bbox 3412 2009 3532 2068; x_wconf 88' lang='grc'><strong>80-</strong></span> 
     </span>
     <span class='ocr_line' id='line_1_77' title="bbox 2223 2081 3533 2163; baseline 0.003 -24"><span class='ocrx_word' id='word_1_492' title='bbox 2223 2092 2420 2139; x_wconf 87' lang='lat' dir='ltr'><strong>crates</strong></span> <span class='ocrx_word' id='word_1_493' title='bbox 2460 2095 2520 2140; x_wconf 91' lang='lat' dir='ltr'><strong>et</strong></span> <span class='ocrx_word' id='word_1_494' title='bbox 2547 2081 2847 2142; x_wconf 86' lang='lat' dir='ltr'><strong>Socratici</strong></span> <span class='ocrx_word' id='word_1_495' title='bbox 2887 2085 3029 2153; x_wconf 82' lang='lat' dir='ltr'><strong>viri,</strong></span> <span class='ocrx_word' id='word_1_496' title='bbox 3074 2102 3378 2163; x_wconf 86' lang='lat' dir='ltr'><strong>nunquam</strong></span> <span class='ocrx_word' id='word_1_497' title='bbox 3417 2104 3533 2142; x_wconf 83' lang='lat' dir='ltr'><strong>vo-</strong></span> 
     </span>
     <span class='ocr_line' id='line_1_78' title="bbox 2224 2157 3532 2232; baseline 0.003 -18"><span class='ocrx_word' id='word_1_498' title='bbox 2224 2157 2315 2215; x_wconf 88' lang='lat' dir='ltr'><strong>bis</strong></span> <span class='ocrx_word' id='word_1_499' title='bbox 2355 2162 2610 2232; x_wconf 79' lang='lat' dir='ltr'><strong>gratiam</strong></span> <span class='ocrx_word' id='word_1_500' title='bbox 2647 2160 2943 2217; x_wconf 77' lang='lat' dir='ltr'><strong>referam!</strong></span> <span class='ocrx_word' id='word_1_501' title='bbox 2998 2159 3075 2218; x_wconf 91' lang='lat' dir='ltr'><strong>ad</strong></span> <span class='ocrx_word' id='word_1_502' title='bbox 3100 2161 3229 2217; x_wconf 86' lang='lat' dir='ltr'><strong>Att.</strong></span> <span class='ocrx_word' id='word_1_503' title='bbox 3262 2166 3355 2231; x_wconf 79' lang='grc'><strong>14,</strong></span> <span class='ocrx_word' id='word_1_504' title='bbox 3389 2167 3448 2230; x_wconf 93' lang='grc'><strong>9,</strong></span> <span class='ocrx_word' id='word_1_505' title='bbox 3482 2172 3532 2221; x_wconf 94' lang='grc'><strong>1.</strong></span> 
     </span>
     <span class='ocr_line' id='line_1_79' title="bbox 2225 2234 2847 2303; baseline -0.002 -12"><span class='ocrx_word' id='word_1_506' title='bbox 2225 2234 2298 2291; x_wconf 83' lang='grc'><strong>00</strong></span> <span class='ocrx_word' id='word_1_507' title='bbox 2334 2234 2469 2290; x_wconf 81' lang='lat' dir='ltr'><strong>Inv.</strong></span> <span class='ocrx_word' id='word_1_508' title='bbox 2515 2240 2573 2301; x_wconf 83' lang='lat'><strong>1,</strong></span> <span class='ocrx_word' id='word_1_509' title='bbox 2616 2239 2712 2303; x_wconf 86' lang='grc'><strong>55,</strong></span> <span class='ocrx_word' id='word_1_510' title='bbox 2756 2241 2847 2296; x_wconf 87' lang='grc'><strong>61.</strong></span> 
     </span>
    </p>
   </div>
   <div class='ocr_carea' id='block_1_15' title="bbox 2223 2326 3535 2706">
    <p class='ocr_par' dir='ltr' id='par_1_18' title="bbox 2223 2326 3535 2706">
     <span class='ocr_line' id='line_1_80' title="bbox 2299 2326 3533 2397; baseline 0.002 -13"><span class='ocrx_word' id='word_1_511' title='bbox 2299 2326 2457 2397; x_wconf 68' lang='lat' dir='ltr'><strong>Son,</strong></span> <span class='ocrx_word' id='word_1_512' title='bbox 2525 2327 2817 2386; x_wconf 86' lang='lat' dir='ltr'><strong>Sabinum</strong></span> <span class='ocrx_word' id='word_1_513' title='bbox 2877 2326 3254 2389; x_wconf 83' lang='lat' dir='ltr'><strong>vocabulum.</strong></span> <span class='ocrx_word' id='word_1_514' title='bbox 3334 2330 3533 2389; x_wconf 88' lang='lat' dir='ltr'><strong>Varro</strong></span> 
     </span>
     <span class='ocr_line' id='line_1_81' title="bbox 2225 2401 3533 2479; baseline 0.005 -21"><span class='ocrx_word' id='word_1_515' title='bbox 2225 2401 2349 2459; x_wconf 89' lang='lat' dir='ltr'><strong>LL.</strong></span> <span class='ocrx_word' id='word_1_516' title='bbox 2386 2408 2443 2471; x_wconf 88' lang='grc'><strong>5,</strong></span> <span class='ocrx_word' id='word_1_517' title='bbox 2482 2411 2574 2463; x_wconf 91' lang='grc'><strong>10.</strong></span> <span class='ocrx_word' id='word_1_518' title='bbox 2615 2424 2671 2479; x_wconf 90' lang='lat' dir='ltr'><strong>p.</strong></span> <span class='ocrx_word' id='word_1_519' title='bbox 2702 2409 2794 2465; x_wconf 88' lang='grc'><strong>75.</strong></span> <span class='ocrx_word' id='word_1_520' title='bbox 2837 2431 2912 2446; x_wconf 89' lang='lat'>-</span> <span class='ocrx_word' id='word_1_521' title='bbox 2951 2404 3058 2463; x_wconf 93' lang='lat' dir='ltr'><strong>Sol</strong></span> <span class='ocrx_word' id='word_1_522' title='bbox 3097 2404 3256 2462; x_wconf 90' lang='lat' dir='ltr'><strong>unde</strong></span> <span class='ocrx_word' id='word_1_523' title='bbox 3297 2405 3533 2464; x_wconf 79' lang='lat' dir='ltr'><strong>dictus?</strong></span> 
     </span>
     <span class='ocr_line' id='line_1_82' title="bbox 2225 2478 3533 2550; baseline 0.003 -16"><span class='ocrx_word' id='word_1_524' title='bbox 2225 2479 2295 2534; x_wconf 93' lang='lat' dir='ltr'><strong>de</strong></span> <span class='ocrx_word' id='word_1_525' title='bbox 2323 2478 2460 2535; x_wconf 87' lang='lat' dir='ltr'><strong>Nat.</strong></span> <span class='ocrx_word' id='word_1_526' title='bbox 2493 2478 2569 2535; x_wconf 91' lang='lat' dir='ltr'><strong>D.</strong></span> <span class='ocrx_word' id='word_1_527' title='bbox 2602 2489 2659 2547; x_wconf 89' lang='grc'><strong>2,</strong></span> <span class='ocrx_word' id='word_1_528' title='bbox 2690 2486 2785 2545; x_wconf 89' lang='grc'><strong>27,</strong></span> <span class='ocrx_word' id='word_1_529' title='bbox 2815 2486 2910 2540; x_wconf 88' lang='grc'><strong>68.</strong></span> <span class='ocrx_word' id='word_1_530' title='bbox 2941 2511 3011 2526; x_wconf 92' lang='lat'><strong>—-</strong></span> <span class='ocrx_word' id='word_1_531' title='bbox 3039 2478 3145 2538; x_wconf 91' lang='lat' dir='ltr'><strong>Sol</strong></span> <span class='ocrx_word' id='word_1_532' title='bbox 3173 2480 3356 2550; x_wconf 85' lang='lat' dir='ltr'><strong>deus;</strong></span> <span class='ocrx_word' id='word_1_533' title='bbox 3399 2499 3533 2538; x_wconf 90' lang='lat' dir='ltr'><strong>enm</strong></span> 
     </span>
     <span class='ocr_line' id='line_1_83' title="bbox 2223 2553 3530 2631; baseline 0.005 -22"><span class='ocrx_word' id='word_1_534' title='bbox 2223 2553 2564 2629; x_wconf 87' lang='lat' dir='ltr'><strong>Apollinem</strong></span> <span class='ocrx_word' id='word_1_535' title='bbox 2603 2554 2822 2612; x_wconf 85' lang='lat' dir='ltr'><strong>Graeci</strong></span> <span class='ocrx_word' id='word_1_536' title='bbox 2860 2567 3093 2631; x_wconf 85' lang='lat' dir='ltr'><strong>putant.</strong></span> <span class='ocrx_word' id='word_1_537' title='bbox 3169 2557 3241 2614; x_wconf 92' lang='lat' dir='ltr'><strong>de</strong></span> <span class='ocrx_word' id='word_1_538' title='bbox 3281 2556 3418 2615; x_wconf 85' lang='lat' dir='ltr'><strong>Nat.</strong></span> <span class='ocrx_word' id='word_1_539' title='bbox 3451 2557 3530 2616; x_wconf 93' lang='lat' dir='ltr'><strong>D.</strong></span> 
     </span>
     <span class='ocr_line' id='line_1_84' title="bbox 2224 2627 3535 2706; baseline -0.001 -17"><span class='ocrx_word' id='word_1_540' title='bbox 2224 2634 2280 2691; x_wconf 88' lang='grc'><strong>5.</strong></span> <span class='ocrx_word' id='word_1_541' title='bbox 2312 2635 2406 2695; x_wconf 89' lang='grc'><strong>20,</strong></span> <span class='ocrx_word' id='word_1_542' title='bbox 2438 2633 2532 2686; x_wconf 88' lang='grc'><strong>51.</strong></span> <span class='ocrx_word' id='word_1_543' title='bbox 2574 2655 2645 2670; x_wconf 91' lang='grc'>-</span> <span class='ocrx_word' id='word_1_544' title='bbox 2688 2627 2828 2699; x_wconf 91' lang='grc'><strong>801,</strong></span> <span class='ocrx_word' id='word_1_545' title='bbox 2872 2642 3045 2706; x_wconf 88' lang='lat' dir='ltr'><strong>pater</strong></span> <span class='ocrx_word' id='word_1_546' title='bbox 3086 2630 3315 2699; x_wconf 84' lang='lat' dir='ltr'><strong>Circes,</strong></span> <span class='ocrx_word' id='word_1_547' title='bbox 3358 2632 3535 2690; x_wconf 87' lang='lat' dir='ltr'><strong>Pasi-</strong></span> 
     </span>
    </p>
   </div>
   <div class='ocr_carea' id='block_1_16' title="bbox 2223 2702 3638 2780">
    <p class='ocr_par' dir='ltr' id='par_1_19' title="bbox 2223 2702 3638 2780">
     <span class='ocr_line' id='line_1_85' title="bbox 2223 2702 3638 2780; baseline 0.004 -20"><span class='ocrx_word' id='word_1_548' title='bbox 2223 2702 2441 2780; x_wconf 77' lang='lat' dir='ltr'><strong>phae&#39;s,</strong></span> <span class='ocrx_word' id='word_1_549' title='bbox 2501 2702 2758 2771; x_wconf 86' lang='lat' dir='ltr'><strong>Aeetae,</strong></span> <span class='ocrx_word' id='word_1_550' title='bbox 2815 2724 2961 2762; x_wconf 82' lang='lat' dir='ltr'><strong>avus</strong></span> <span class='ocrx_word' id='word_1_551' title='bbox 3005 2705 3249 2763; x_wconf 86' lang='lat' dir='ltr'><strong>Medeae</strong></span> <span class='ocrx_word' id='word_1_552' title='bbox 3305 2716 3367 2765; x_wconf 91' lang='lat' dir='ltr'><strong>et</strong></span> <span class='ocrx_word' id='word_1_553' title='bbox 3402 2706 3536 2765; x_wconf 83' lang='lat' dir='ltr'><strong>Ab·</strong></span> <span class='ocrx_word' id='word_1_554' title='bbox 3631 2704 3638 2712; x_wconf 80' lang='grc'><strong>”</strong></span> 
     </span>
    </p>
   </div>
   <div class='ocr_carea' id='block_1_17' title="bbox 2224 2778 3535 3228">
    <p class='ocr_par' dir='ltr' id='par_1_20' title="bbox 2224 2778 3535 3228">
     <span class='ocr_line' id='line_1_86' title="bbox 2224 2778 3535 2853; baseline 0.001 -16"><span class='ocrx_word' id='word_1_555' title='bbox 2224 2780 2399 2853; x_wconf 89' lang='lat' dir='ltr'><strong>syrti.</strong></span> <span class='ocrx_word' id='word_1_556' title='bbox 2458 2779 2531 2835; x_wconf 90' lang='lat' dir='ltr'><strong>de</strong></span> <span class='ocrx_word' id='word_1_557' title='bbox 2555 2779 2695 2836; x_wconf 85' lang='lat' dir='ltr'><strong>Nat.</strong></span> <span class='ocrx_word' id='word_1_558' title='bbox 2726 2778 2803 2836; x_wconf 93' lang='lat' dir='ltr'><strong>D.</strong></span> <span class='ocrx_word' id='word_1_559' title='bbox 2846 2786 2906 2846; x_wconf 87' lang='grc'><strong>5,</strong></span> <span class='ocrx_word' id='word_1_560' title='bbox 2947 2787 3041 2849; x_wconf 88' lang='grc'><strong>19,</strong></span> <span class='ocrx_word' id='word_1_561' title='bbox 3080 2782 3171 2843; x_wconf 78' lang='grc'><strong>48.</strong></span> <span class='ocrx_word' id='word_1_562' title='bbox 3211 2812 3287 2826; x_wconf 93' lang='lat'><em>-</em></span> <span class='ocrx_word' id='word_1_563' title='bbox 3326 2781 3437 2841; x_wconf 86' lang='lat' dir='ltr'><strong>Sol</strong></span> <span class='ocrx_word' id='word_1_564' title='bbox 3474 2791 3535 2838; x_wconf 88' lang='lat' dir='ltr'><strong>et</strong></span> 
     </span>
     <span class='ocr_line' id='line_1_87' title="bbox 2224 2854 3528 2929; baseline 0.003 -17"><span class='ocrx_word' id='word_1_565' title='bbox 2224 2855 2397 2912; x_wconf 87' lang='lat' dir='ltr'><strong>Luna</strong></span> <span class='ocrx_word' id='word_1_566' title='bbox 2434 2854 2571 2929; x_wconf 92' lang='lat' dir='ltr'><strong>(Dii</strong></span> <span class='ocrx_word' id='word_1_567' title='bbox 2612 2862 2976 2926; x_wconf 88' lang='lat' dir='ltr'><strong>consentes).</strong></span> <span class='ocrx_word' id='word_1_568' title='bbox 3054 2857 3252 2914; x_wconf 88' lang='lat' dir='ltr'><strong>Varro</strong></span> <span class='ocrx_word' id='word_1_569' title='bbox 3292 2854 3419 2915; x_wconf 74' lang='lat' dir='ltr'><strong>BR.</strong></span> <span class='ocrx_word' id='word_1_570' title='bbox 3473 2867 3528 2924; x_wconf 90' lang='grc'><strong>1,</strong></span> 
     </span>
     <span class='ocr_line' id='line_1_88' title="bbox 2228 2929 3535 2998; baseline -0.001 -9"><span class='ocrx_word' id='word_1_571' title='bbox 2228 2939 2282 2998; x_wconf 89' lang='grc'><strong>1,</strong></span> <span class='ocrx_word' id='word_1_572' title='bbox 2314 2934 2371 2988; x_wconf 89' lang='grc'><strong>5.</strong></span> <span class='ocrx_word' id='word_1_573' title='bbox 2414 2962 2487 2974; x_wconf 90' lang='grc'>-</span> <span class='ocrx_word' id='word_1_574' title='bbox 2529 2929 2636 2987; x_wconf 91' lang='grc'><strong>801</strong></span> <span class='ocrx_word' id='word_1_575' title='bbox 2676 2930 2871 2987; x_wconf 87' lang='lat' dir='ltr'><strong>cultus</strong></span> <span class='ocrx_word' id='word_1_576' title='bbox 2911 2951 2943 2987; x_wconf 88' lang='lat' dir='ltr'><strong>a</strong></span> <span class='ocrx_word' id='word_1_577' title='bbox 2982 2930 3321 2989; x_wconf 89' lang='lat' dir='ltr'><strong>Germanis.</strong></span> <span class='ocrx_word' id='word_1_578' title='bbox 3380 2932 3535 2990; x_wconf 88' lang='lat' dir='ltr'><strong>Cae·</strong></span> 
     </span>
     <span class='ocr_line' id='line_1_89' title="bbox 2226 3003 3531 3072; baseline 0.001 -10"><span class='ocrx_word' id='word_1_579' title='bbox 2226 3025 2328 3062; x_wconf 87' lang='lat' dir='ltr'><strong>sar</strong></span> <span class='ocrx_word' id='word_1_580' title='bbox 2349 3003 2506 3063; x_wconf 90' lang='lat' dir='ltr'><strong>Gall.</strong></span> <span class='ocrx_word' id='word_1_581' title='bbox 2537 3014 2592 3072; x_wconf 90' lang='grc'><strong>6,</strong></span> <span class='ocrx_word' id='word_1_582' title='bbox 2624 3013 2718 3065; x_wconf 90' lang='grc'><strong>21.</strong></span> <span class='ocrx_word' id='word_1_583' title='bbox 2746 3036 2821 3049; x_wconf 90' lang='grc'>-</span> <span class='ocrx_word' id='word_1_584' title='bbox 2848 3005 2955 3064; x_wconf 87' lang='grc'><strong>801</strong></span> <span class='ocrx_word' id='word_1_585' title='bbox 2983 3009 3043 3064; x_wconf 84' lang='grc'><strong>10</strong></span> <span class='ocrx_word' id='word_1_586' title='bbox 3071 3026 3314 3065; x_wconf 88' lang='lat' dir='ltr'><strong>currum</strong></span> <span class='ocrx_word' id='word_1_587' title='bbox 3341 3005 3531 3066; x_wconf 83' lang='lat' dir='ltr'><strong>fllium</strong></span> 
     </span>
     <span class='ocr_line' id='line_1_90' title="bbox 2224 3081 3530 3151; baseline 0.002 -13"><span class='ocrx_word' id='word_1_588' title='bbox 2224 3082 2657 3138; x_wconf 67' lang='lat' dir='ltr'><strong>Phaethontem</strong></span> <span class='ocrx_word' id='word_1_589' title='bbox 2682 3081 2943 3139; x_wconf 88' lang='lat' dir='ltr'><strong>sustulit.</strong></span> <span class='ocrx_word' id='word_1_590' title='bbox 2989 3083 3059 3139; x_wconf 89' lang='lat' dir='ltr'><strong>de</strong></span> <span class='ocrx_word' id='word_1_591' title='bbox 3075 3081 3215 3140; x_wconf 90' lang='lat' dir='ltr'><strong>Nat.</strong></span> <span class='ocrx_word' id='word_1_592' title='bbox 3236 3082 3312 3139; x_wconf 94' lang='lat' dir='ltr'><strong>D.</strong></span> <span class='ocrx_word' id='word_1_593' title='bbox 3343 3089 3402 3151; x_wconf 85' lang='grc'><strong>5,</strong></span> <span class='ocrx_word' id='word_1_594' title='bbox 3431 3089 3530 3150; x_wconf 87' lang='grc'><strong>51,</strong></span> 
     </span>
     <span class='ocr_line' id='line_1_91' title="bbox 2227 3155 3533 3228; baseline 0.002 -11"><span class='ocrx_word' id='word_1_595' title='bbox 2227 3164 2319 3217; x_wconf 90' lang='grc'><strong>76.</strong></span> <span class='ocrx_word' id='word_1_596' title='bbox 2364 3187 2434 3202; x_wconf 92' lang='lat'><em>-</em></span> <span class='ocrx_word' id='word_1_597' title='bbox 2476 3155 2585 3214; x_wconf 88' lang='lat' dir='ltr'><strong>Sol</strong></span> <span class='ocrx_word' id='word_1_598' title='bbox 2625 3168 2685 3215; x_wconf 90' lang='lat' dir='ltr'><strong>et</strong></span> <span class='ocrx_word' id='word_1_599' title='bbox 2714 3158 3046 3216; x_wconf 67' lang='lat' dir='ltr'><strong>Phaethon.</strong></span> <span class='ocrx_word' id='word_1_600' title='bbox 3105 3158 3177 3215; x_wconf 90' lang='lat' dir='ltr'><strong>de</strong></span> <span class='ocrx_word' id='word_1_601' title='bbox 3207 3156 3330 3215; x_wconf 77' lang='lat' dir='ltr'><strong>Off.</strong></span> <span class='ocrx_word' id='word_1_602' title='bbox 3355 3163 3411 3228; x_wconf 89' lang='grc'><strong>5,</strong></span> <span class='ocrx_word' id='word_1_603' title='bbox 3433 3162 3533 3227; x_wconf 86' lang='grc'><strong>25,</strong></span> 
     </span>
    </p>
   </div>
   <div class='ocr_carea' id='block_1_18' title="bbox 2224 3225 3646 3309">
    <p class='ocr_par' dir='ltr' id='par_1_21' title="bbox 2224 3225 3646 3309">
     <span class='ocr_line' id='line_1_92' title="bbox 2224 3225 3646 3309; baseline 0.001 -19"><span class='ocrx_word' id='word_1_604' title='bbox 2224 3235 2319 3290; x_wconf 89' lang='grc'><strong>94.</strong></span> <span class='ocrx_word' id='word_1_605' title='bbox 2362 3263 2433 3278; x_wconf 93' lang='grc'>-</span> <span class='ocrx_word' id='word_1_606' title='bbox 2476 3232 2579 3290; x_wconf 88' lang='grc'><strong>801</strong></span> <span class='ocrx_word' id='word_1_607' title='bbox 2621 3235 2905 3309; x_wconf 86' lang='lat' dir='ltr'><strong>princeps</strong></span> <span class='ocrx_word' id='word_1_608' title='bbox 2958 3245 3016 3292; x_wconf 91' lang='lat' dir='ltr'><strong>et</strong></span> <span class='ocrx_word' id='word_1_609' title='bbox 3055 3231 3400 3292; x_wconf 89' lang='lat' dir='ltr'><strong>moderator</strong></span> <span class='ocrx_word' id='word_1_610' title='bbox 3437 3235 3537 3291; x_wconf 86' lang='lat' dir='ltr'><strong>lu·</strong></span> <span class='ocrx_word' id='word_1_611' title='bbox 3635 3225 3646 3241; x_wconf 59' lang='lat'>⁸</span> 
     </span>
    </p>
   </div>
   <div class='ocr_carea' id='block_1_19' title="bbox 2225 3308 3538 4512">
    <p class='ocr_par' dir='ltr' id='par_1_22' title="bbox 2225 3308 3538 4512">
     <span class='ocr_line' id='line_1_93' title="bbox 2230 3308 3536 3386; baseline 0.002 -22"><span class='ocrx_word' id='word_1_612' title='bbox 2230 3310 2454 3364; x_wconf 88' lang='lat' dir='ltr'><strong>minum</strong></span> <span class='ocrx_word' id='word_1_613' title='bbox 2515 3308 2917 3386; x_wconf 82' lang='lat' dir='ltr'><strong>reliquorum,</strong></span> <span class='ocrx_word' id='word_1_614' title='bbox 2983 3328 3154 3367; x_wconf 90' lang='lat' dir='ltr'><strong>mens</strong></span> <span class='ocrx_word' id='word_1_615' title='bbox 3211 3308 3419 3367; x_wconf 89' lang='lat' dir='ltr'><strong>mundi</strong></span> <span class='ocrx_word' id='word_1_616' title='bbox 3475 3320 3536 3367; x_wconf 88' lang='lat' dir='ltr'><strong>et</strong></span> 
     </span>
     <span class='ocr_line' id='line_1_94' title="bbox 2225 3382 3530 3461; baseline 0.003 -23"><span class='ocrx_word' id='word_1_617' title='bbox 2225 3387 2600 3458; x_wconf 80' lang='lat' dir='ltr'><strong>temperatio.</strong></span> <span class='ocrx_word' id='word_1_618' title='bbox 2657 3386 2729 3442; x_wconf 92' lang='grc'><strong>00</strong></span> <span class='ocrx_word' id='word_1_619' title='bbox 2755 3384 2904 3461; x_wconf 77' lang='lat' dir='ltr'><strong>nep.</strong></span> <span class='ocrx_word' id='word_1_620' title='bbox 2932 3392 2989 3453; x_wconf 90' lang='grc'><strong>6,</strong></span> <span class='ocrx_word' id='word_1_621' title='bbox 3023 3391 3116 3452; x_wconf 90' lang='grc'><strong>17,</strong></span> <span class='ocrx_word' id='word_1_622' title='bbox 3152 3394 3243 3448; x_wconf 90' lang='grc'><strong>17.</strong></span> <span class='ocrx_word' id='word_1_623' title='bbox 3297 3382 3530 3455; x_wconf 89' lang='lat' dir='ltr'><strong>(Somn.</strong></span> 
     </span>
     <span class='ocr_line' id='line_1_95' title="bbox 2227 3457 3531 3533; baseline 0 -17"><span class='ocrx_word' id='word_1_624' title='bbox 2227 3457 2393 3533; x_wconf 86' lang='lat' dir='ltr'><strong>Scip.</strong></span> <span class='ocrx_word' id='word_1_625' title='bbox 2446 3458 2515 3517; x_wconf 90' lang='lat' dir='ltr'><strong>C.</strong></span> <span class='ocrx_word' id='word_1_626' title='bbox 2561 3462 2664 3528; x_wconf 90' lang='grc'><strong>4.)</strong></span> <span class='ocrx_word' id='word_1_627' title='bbox 2730 3490 2790 3500; x_wconf 91' lang='grc'>-</span> <span class='ocrx_word' id='word_1_628' title='bbox 2856 3461 3018 3519; x_wconf 91' lang='lat' dir='ltr'><strong>Solis</strong></span> <span class='ocrx_word' id='word_1_629' title='bbox 3082 3461 3531 3520; x_wconf 85' lang='lat' dir='ltr'><strong>circumvectio.</strong></span> 
     </span>
     <span class='ocr_line' id='line_1_96' title="bbox 2226 3534 3533 3610; baseline 0.002 -19"><span class='ocrx_word' id='word_1_630' title='bbox 2226 3536 2382 3591; x_wconf 86' lang='lat' dir='ltr'><strong>Tim.</strong></span> <span class='ocrx_word' id='word_1_631' title='bbox 2428 3534 2576 3610; x_wconf 86' lang='lat' dir='ltr'><strong>Cap.</strong></span> <span class='ocrx_word' id='word_1_632' title='bbox 2619 3541 2675 3593; x_wconf 89' lang='grc'><strong>9.</strong></span> <span class='ocrx_word' id='word_1_633' title='bbox 2773 3577 2786 3590; x_wconf 94' lang='grc'><strong>.</strong></span> <span class='ocrx_word' id='word_1_634' title='bbox 2835 3539 2966 3595; x_wconf 89' lang='grc'><strong>505.</strong></span> <span class='ocrx_word' id='word_1_635' title='bbox 3009 3567 3084 3581; x_wconf 93' lang='grc'>-</span> <span class='ocrx_word' id='word_1_636' title='bbox 3132 3537 3278 3594; x_wconf 85' lang='lat' dir='ltr'><strong>Eius</strong></span> <span class='ocrx_word' id='word_1_637' title='bbox 3318 3555 3533 3593; x_wconf 86' lang='lat' dir='ltr'><strong>cursus</strong></span> 
     </span>
     <span class='ocr_line' id='line_1_97' title="bbox 2227 3608 3534 3679; baseline 0.002 -13"><span class='ocrx_word' id='word_1_638' title='bbox 2227 3622 2341 3666; x_wconf 86' lang='lat' dir='ltr'><strong>cet.</strong></span> <span class='ocrx_word' id='word_1_639' title='bbox 2413 3610 2486 3667; x_wconf 91' lang='lat' dir='ltr'><strong>de</strong></span> <span class='ocrx_word' id='word_1_640' title='bbox 2526 3608 2664 3667; x_wconf 87' lang='lat' dir='ltr'><strong>Nat.</strong></span> <span class='ocrx_word' id='word_1_641' title='bbox 2768 3653 2781 3665; x_wconf 93' lang='lat'><strong>.</strong></span> <span class='ocrx_word' id='word_1_642' title='bbox 2823 3618 2890 3678; x_wconf 87' lang='grc'><strong>2,</strong></span> <span class='ocrx_word' id='word_1_643' title='bbox 2933 3613 3041 3679; x_wconf 86' lang='grc'><strong>40,</strong></span> <span class='ocrx_word' id='word_1_644' title='bbox 3084 3619 3214 3669; x_wconf 84' lang='grc'><strong>102.</strong></span> <span class='ocrx_word' id='word_1_645' title='bbox 3259 3641 3331 3652; x_wconf 91' lang='grc'><strong>-</strong></span> <span class='ocrx_word' id='word_1_646' title='bbox 3371 3610 3534 3670; x_wconf 91' lang='lat' dir='ltr'><strong>Solis</strong></span> 
     </span>
     <span class='ocr_line' id='line_1_98' title="bbox 2270 3685 3530 3762; baseline 0.001 -20"><span class='ocrx_word' id='word_1_647' title='bbox 2270 3689 2645 3760; x_wconf 84' lang='lat' dir='ltr'><strong>roprietates.</strong></span> <span class='ocrx_word' id='word_1_648' title='bbox 2714 3687 2870 3742; x_wconf 86' lang='lat' dir='ltr'><strong>Tim.</strong></span> <span class='ocrx_word' id='word_1_649' title='bbox 2904 3685 3051 3762; x_wconf 89' lang='lat' dir='ltr'><strong>Cap.</strong></span> <span class='ocrx_word' id='word_1_650' title='bbox 3097 3694 3153 3747; x_wconf 89' lang='grc'><strong>9.</strong></span> <span class='ocrx_word' id='word_1_651' title='bbox 3200 3706 3260 3762; x_wconf 84' lang='lat' dir='ltr'><strong>p.</strong></span> <span class='ocrx_word' id='word_1_652' title='bbox 3289 3692 3421 3748; x_wconf 89' lang='grc'><strong>506.</strong></span> <span class='ocrx_word' id='word_1_653' title='bbox 3468 3717 3530 3730; x_wconf 89' lang='grc'><strong>-</strong></span> 
     </span>
     <span class='ocr_line' id='line_1_99' title="bbox 2228 3706 3529 3838; baseline 0.002 -21"><span class='ocrx_word' id='word_1_654' title='bbox 2228 3706 2401 3818; x_wconf 69' lang='lat' dir='ltr'><strong>¹Soles</strong></span> <span class='ocrx_word' id='word_1_655' title='bbox 2456 3761 2624 3817; x_wconf 86' lang='lat' dir='ltr'><strong>multi</strong></span> <span class='ocrx_word' id='word_1_656' title='bbox 2684 3781 2717 3817; x_wconf 90' lang='lat' dir='ltr'><strong>a</strong></span> <span class='ocrx_word' id='word_1_657' title='bbox 2770 3762 3062 3837; x_wconf 78' lang='lat' dir='ltr'><strong>theologis</strong></span> <span class='ocrx_word' id='word_1_658' title='bbox 3117 3763 3529 3838; x_wconf 79' lang='lat' dir='ltr'><strong>proferuntur.</strong></span> 
     </span>
     <span class='ocr_line' id='line_1_100' title="bbox 2230 3835 3537 3913; baseline -0.001 -17"><span class='ocrx_word' id='word_1_659' title='bbox 2230 3836 2395 3896; x_wconf 87' lang='lat' dir='ltr'><strong>Unus</strong></span> <span class='ocrx_word' id='word_1_660' title='bbox 2436 3856 2642 3893; x_wconf 85' lang='lat' dir='ltr'><strong>eorum</strong></span> <span class='ocrx_word' id='word_1_661' title='bbox 2683 3835 2824 3893; x_wconf 82' lang='lat' dir='ltr'><strong>Iove</strong></span> <span class='ocrx_word' id='word_1_662' title='bbox 2853 3849 3051 3903; x_wconf 87' lang='lat' dir='ltr'><strong>natus,</strong></span> <span class='ocrx_word' id='word_1_663' title='bbox 3094 3856 3283 3913; x_wconf 84' lang='lat' dir='ltr'><strong>nepos</strong></span> <span class='ocrx_word' id='word_1_664' title='bbox 3312 3839 3537 3895; x_wconf 89' lang='lat' dir='ltr'><strong>Aethe-</strong></span> 
     </span>
     <span class='ocr_line' id='line_1_101' title="bbox 2231 3912 3536 3988; baseline 0 -18"><span class='ocrx_word' id='word_1_665' title='bbox 2231 3917 2351 3971; x_wconf 84' lang='lat' dir='ltr'><strong>ris:</strong></span> <span class='ocrx_word' id='word_1_666' title='bbox 2396 3913 2546 3968; x_wconf 89' lang='lat' dir='ltr'><strong>alter</strong></span> <span class='ocrx_word' id='word_1_667' title='bbox 2573 3912 2959 3988; x_wconf 80' lang='lat' dir='ltr'><strong>Hyperione:</strong></span> <span class='ocrx_word' id='word_1_668' title='bbox 3003 3916 3214 3971; x_wconf 87' lang='lat' dir='ltr'><strong>tertius</strong></span> <span class='ocrx_word' id='word_1_669' title='bbox 3244 3913 3536 3982; x_wconf 88' lang='lat' dir='ltr'><strong>Volcano,</strong></span> 
     </span>
     <span class='ocr_line' id='line_1_102' title="bbox 2229 3986 3537 4066; baseline -0.001 -20"><span class='ocrx_word' id='word_1_670' title='bbox 2229 3988 2348 4046; x_wconf 89' lang='lat' dir='ltr'><strong>Nili</strong></span> <span class='ocrx_word' id='word_1_671' title='bbox 2388 3986 2531 4054; x_wconf 79' lang='lat' dir='ltr'><strong>filio,</strong></span> <span class='ocrx_word' id='word_1_672' title='bbox 2577 3991 2746 4045; x_wconf 85' lang='grc' dir='ltr'><strong>001οε</strong></span> <span class='ocrx_word' id='word_1_673' title='bbox 2780 3986 2988 4044; x_wconf 90' lang='lat' dir='ltr'><strong>urbem</strong></span> <span class='ocrx_word' id='word_1_674' title='bbox 3014 3990 3296 4066; x_wconf 84' lang='lat' dir='ltr'><strong>Aegyptii</strong></span> <span class='ocrx_word' id='word_1_675' title='bbox 3324 3987 3537 4045; x_wconf 81' lang='lat' dir='ltr'><strong>volunt</strong></span> 
     </span>
     <span class='ocr_line' id='line_1_103' title="bbox 2230 4061 3534 4140; baseline -0.002 -19"><span class='ocrx_word' id='word_1_676' title='bbox 2230 4083 2359 4123; x_wconf 88' lang='lat' dir='ltr'><strong>esse</strong></span> <span class='ocrx_word' id='word_1_677' title='bbox 2402 4081 2553 4129; x_wconf 87' lang='lat' dir='ltr'><strong>eam,</strong></span> <span class='ocrx_word' id='word_1_678' title='bbox 2599 4082 2749 4139; x_wconf 87' lang='lat' dir='ltr'><strong>quae</strong></span> <span class='ocrx_word' id='word_1_679' title='bbox 2790 4062 3119 4139; x_wconf 88' lang='lat' dir='ltr'><strong>Heliopolis</strong></span> <span class='ocrx_word' id='word_1_680' title='bbox 3159 4061 3534 4140; x_wconf 65' lang='lat' dir='ltr'><strong>appellatum</strong></span> 
     </span>
     <span class='ocr_line' id='line_1_104' title="bbox 2231 4140 3537 4217; baseline 0 -23"><span class='ocrx_word' id='word_1_681' title='bbox 2231 4149 2476 4217; x_wconf 86' lang='lat' dir='ltr'><strong>quartus</strong></span> <span class='ocrx_word' id='word_1_682' title='bbox 2519 4141 2603 4203; x_wconf 85' lang='lat' dir='ltr'><strong>is.</strong></span> <span class='ocrx_word' id='word_1_683' title='bbox 2647 4142 2689 4210; x_wconf 86' lang='lat'>†</span> <span class='ocrx_word' id='word_1_684' title='bbox 2772 4157 2903 4195; x_wconf 90' lang='lat' dir='ltr'><strong>uem</strong></span> <span class='ocrx_word' id='word_1_685' title='bbox 2942 4140 3206 4196; x_wconf 88' lang='lat' dir='ltr'><strong>heroicis</strong></span> <span class='ocrx_word' id='word_1_686' title='bbox 3244 4140 3537 4213; x_wconf 72' lang='lat' dir='ltr'><strong>tempori·-</strong></span> 
     </span>
     <span class='ocr_line' id='line_1_105' title="bbox 2229 4158 3531 4300; baseline -0.002 -27"><span class='ocrx_word' id='word_1_687' title='bbox 2229 4215 2341 4273; x_wconf 88' lang='lat' dir='ltr'><strong>bus</strong></span> <span class='ocrx_word' id='word_1_688' title='bbox 2379 4216 2654 4270; x_wconf 87' lang='lat' dir='ltr'><strong>Acantho</strong></span> <span class='ocrx_word' id='word_1_689' title='bbox 2697 4158 2889 4271; x_wconf 52' lang='lat' dir='ltr'><strong>R‘lmdi</strong></span> <span class='ocrx_word' id='word_1_690' title='bbox 2942 4217 3249 4300; x_wconf 86' lang='lat' dir='ltr'><strong>peperisse</strong></span> <span class='ocrx_word' id='word_1_691' title='bbox 3290 4213 3531 4280; x_wconf 89' lang='lat' dir='ltr'><strong>dicitur,</strong></span> 
     </span>
     <span class='ocr_line' id='line_1_106' title="bbox 2234 4288 3538 4366; baseline 0.001 -21"><span class='ocrx_word' id='word_1_692' title='bbox 2234 4293 2451 4366; x_wconf 88' lang='lat' dir='ltr'><strong>[pater]</strong></span> <span class='ocrx_word' id='word_1_693' title='bbox 2496 4289 2698 4361; x_wconf 80' lang='lat' dir='ltr'><strong>Ialysi.</strong></span> <span class='ocrx_word' id='word_1_694' title='bbox 2741 4289 2966 4346; x_wconf 84' lang='lat' dir='ltr'><strong>Camiri</strong></span> <span class='ocrx_word' id='word_1_695' title='bbox 3004 4300 3063 4345; x_wconf 88' lang='lat' dir='ltr'><strong>et</strong></span> <span class='ocrx_word' id='word_1_696' title='bbox 3101 4288 3315 4346; x_wconf 80' lang='lat' dir='ltr'><strong>Lindi:</strong></span> <span class='ocrx_word' id='word_1_697' title='bbox 3360 4292 3538 4366; x_wconf 83' lang='lat' dir='ltr'><strong>quin-</strong></span> 
     </span>
     <span class='ocr_line' id='line_1_107' title="bbox 2231 4360 3533 4440; baseline -0.001 -18"><span class='ocrx_word' id='word_1_698' title='bbox 2231 4378 2350 4430; x_wconf 87' lang='lat' dir='ltr'><strong>tus,</strong></span> <span class='ocrx_word' id='word_1_699' title='bbox 2394 4367 2496 4440; x_wconf 84' lang='lat' dir='ltr'><strong>qui</strong></span> <span class='ocrx_word' id='word_1_700' title='bbox 2526 4360 2772 4421; x_wconf 55' lang='lat' dir='ltr'><strong>Colchis*</strong></span> <span class='ocrx_word' id='word_1_701' title='bbox 2804 4367 2995 4421; x_wconf 80' lang='lat' dir='ltr'><strong>fertur</strong></span> <span class='ocrx_word' id='word_1_702' title='bbox 3034 4367 3278 4421; x_wconf 88' lang='lat' dir='ltr'><strong>Aeetam</strong></span> <span class='ocrx_word' id='word_1_703' title='bbox 3317 4375 3376 4420; x_wconf 92' lang='lat' dir='ltr'><strong>et</strong></span> <span class='ocrx_word' id='word_1_704' title='bbox 3401 4362 3533 4421; x_wconf 88' lang='lat' dir='ltr'><strong>Cir·</strong></span> 
     </span>
     <span class='ocr_line' id='line_1_108' title="bbox 2232 4439 3536 4512; baseline -0.001 -15"><span class='ocrx_word' id='word_1_705' title='bbox 2232 4458 2359 4498; x_wconf 91' lang='lat' dir='ltr'><strong>cem</strong></span> <span class='ocrx_word' id='word_1_706' title='bbox 2390 4442 2829 4512; x_wconf 77' lang='lat' dir='ltr'><strong>procreavisse.</strong></span> <span class='ocrx_word' id='word_1_707' title='bbox 2876 4439 2946 4495; x_wconf 91' lang='lat' dir='ltr'><strong>de</strong></span> <span class='ocrx_word' id='word_1_708' title='bbox 2974 4439 3111 4495; x_wconf 85' lang='lat' dir='ltr'><strong>Nat.</strong></span> <span class='ocrx_word' id='word_1_709' title='bbox 3140 4439 3216 4495; x_wconf 91' lang='lat' dir='ltr'><strong>D.</strong></span> <span class='ocrx_word' id='word_1_710' title='bbox 3246 4444 3304 4508; x_wconf 89' lang='grc'><strong>5,</strong></span> <span class='ocrx_word' id='word_1_711' title='bbox 3327 4447 3421 4509; x_wconf 86' lang='grc'><strong>21,</strong></span> <span class='ocrx_word' id='word_1_712' title='bbox 3447 4439 3536 4498; x_wconf 69' lang='lat'><strong>54.</strong></span> 
     </span>
    </p>
   </div>
   <div class='ocr_carea' id='block_1_20' title="bbox 2309 4522 3295 4582">
    <p class='ocr_par' dir='ltr' id='par_1_23' title="bbox 2309 4522 3295 4582">
     <span class='ocr_line' id='line_1_109' title="bbox 2309 4522 3295 4582; baseline -0.002 -1"><span class='ocrx_word' id='word_1_713' title='bbox 2309 4522 2663 4581; x_wconf 67' lang='lat' dir='ltr'><strong>SOLEN&#39;UM.</strong></span> <span class='ocrx_word' id='word_1_714' title='bbox 2744 4524 2896 4582; x_wconf 87' lang='lat' dir='ltr'><strong>Vide</strong></span> <span class='ocrx_word' id='word_1_715' title='bbox 2937 4522 3295 4582; x_wconf 69' lang='lat' dir='ltr'><strong>Somnum.</strong></span> 
     </span>
    </p>
   </div>
   <div class='ocr_carea' id='block_1_21' title="bbox 2233 4605 3538 4899">
    <p class='ocr_par' dir='ltr' id='par_1_24' title="bbox 2233 4605 3538 4899">
     <span class='ocr_line' id='line_1_110' title="bbox 2309 4605 3537 4673; baseline 0 -7"><span class='ocrx_word' id='word_1_716' title='bbox 2309 4608 2492 4673; x_wconf 74' lang='lat' dir='ltr'><strong>Son,</strong></span> <span class='ocrx_word' id='word_1_717' title='bbox 2538 4605 2682 4664; x_wconf 89' lang='lat' dir='ltr'><strong>urbs</strong></span> <span class='ocrx_word' id='word_1_718' title='bbox 2722 4607 3000 4672; x_wconf 86' lang='lat' dir='ltr'><strong>Ciliciae,</strong></span> <span class='ocrx_word' id='word_1_719' title='bbox 3051 4607 3153 4664; x_wconf 90' lang='lat' dir='ltr'><strong>ubi</strong></span> <span class='ocrx_word' id='word_1_720' title='bbox 3191 4606 3537 4666; x_wconf 85' lang='lat' dir='ltr'><strong>Alexander</strong></span> 
     </span>
     <span class='ocr_line' id='line_1_111' title="bbox 2234 4683 3535 4759; baseline -0.001 -17"><span class='ocrx_word' id='word_1_721' title='bbox 2234 4685 2580 4759; x_wconf 84' lang='lat' dir='ltr'><strong>deposuisse</strong></span> <span class='ocrx_word' id='word_1_722' title='bbox 2650 4686 2922 4740; x_wconf 89' lang='lat' dir='ltr'><strong>ecuniam</strong></span> <span class='ocrx_word' id='word_1_723' title='bbox 2950 4683 3187 4741; x_wconf 86' lang='lat' dir='ltr'><strong>dicitur.</strong></span> <span class='ocrx_word' id='word_1_724' title='bbox 3245 4684 3318 4741; x_wconf 89' lang='lat' dir='ltr'><strong>de</strong></span> <span class='ocrx_word' id='word_1_725' title='bbox 3344 4684 3431 4741; x_wconf 91' lang='lat' dir='ltr'><strong>Le</strong></span> <span class='ocrx_word' id='word_1_726' title='bbox 3474 4704 3535 4759; x_wconf 71' lang='lat' dir='ltr'><strong>g.</strong></span> 
     </span>
     <span class='ocr_line' id='line_1_112' title="bbox 2234 4758 3538 4836; baseline 0 -17"><span class='ocrx_word' id='word_1_727' title='bbox 2234 4770 2290 4825; x_wconf 90' lang='grc'><strong>2,</strong></span> <span class='ocrx_word' id='word_1_728' title='bbox 2340 4763 2427 4828; x_wconf 89' lang='grc'><strong>16,</strong></span> <span class='ocrx_word' id='word_1_729' title='bbox 2467 4761 2559 4816; x_wconf 89' lang='grc'><strong>41.</strong></span> <span class='ocrx_word' id='word_1_730' title='bbox 2676 4769 2838 4816; x_wconf 89' lang='lat' dir='ltr'><strong>ostea</strong></span> <span class='ocrx_word' id='word_1_731' title='bbox 2880 4759 3055 4815; x_wconf 87' lang='lat' dir='ltr'><strong>etiam</strong></span> <span class='ocrx_word' id='word_1_732' title='bbox 3095 4758 3458 4836; x_wconf 85' lang='lat' dir='ltr'><strong>Pompeiopo</strong></span> <span class='ocrx_word' id='word_1_733' title='bbox 3483 4762 3538 4819; x_wconf 85' lang='lat' dir='ltr'><strong>is</strong></span> 
     </span>
     <span class='ocr_line' id='line_1_113' title="bbox 2233 4833 3229 4899; baseline -0.005 -5"><span class='ocrx_word' id='word_1_734' title='bbox 2233 4836 2391 4894; x_wconf 86' lang='lat' dir='ltr'><strong>dicta</strong></span> <span class='ocrx_word' id='word_1_735' title='bbox 2435 4845 2545 4890; x_wconf 90' lang='lat' dir='ltr'><strong>est.</strong></span> <span class='ocrx_word' id='word_1_736' title='bbox 2625 4833 2742 4891; x_wconf 88' lang='lat' dir='ltr'><strong>Dio</strong></span> <span class='ocrx_word' id='word_1_737' title='bbox 2784 4833 2953 4892; x_wconf 90' lang='lat' dir='ltr'><strong>Cass.</strong></span> <span class='ocrx_word' id='word_1_738' title='bbox 2997 4836 3093 4899; x_wconf 83' lang='grc'><strong>56.</strong></span> <span class='ocrx_word' id='word_1_739' title='bbox 3138 4842 3229 4892; x_wconf 92' lang='grc'><strong>20.</strong></span> 
     </span>
    </p>
   </div>
   <div class='ocr_carea' id='block_1_22' title="bbox 2235 4917 3538 5061">
    <p class='ocr_par' dir='ltr' id='par_1_25' title="bbox 2235 4917 3538 5061">
     <span class='ocr_line' id='line_1_114' title="bbox 2310 4917 3532 4991; baseline 0.002 -15"><span class='ocrx_word' id='word_1_740' title='bbox 2310 4918 2784 4984; x_wconf 61' lang='lat' dir='ltr'><strong>Socii-sumus,</strong></span> <span class='ocrx_word' id='word_1_741' title='bbox 2839 4918 2972 4974; x_wconf 89' lang='lat' dir='ltr'><strong>aliis</strong></span> <span class='ocrx_word' id='word_1_742' title='bbox 3013 4917 3532 4991; x_wconf 53' lang='lat' dir='ltr'><strong>sueni-sunau,</strong></span> 
     </span>
     <span class='ocr_line' id='line_1_115' title="bbox 2235 4993 3538 5061; baseline 0.002 -8"><span class='ocrx_word' id='word_1_743' title='bbox 2235 4993 2530 5054; x_wconf 80' lang='lat' dir='ltr'><strong>sacrificia</strong></span> <span class='ocrx_word' id='word_1_744' title='bbox 2570 4995 2641 5051; x_wconf 89' lang='lat' dir='ltr'><strong>de</strong></span> <span class='ocrx_word' id='word_1_745' title='bbox 2674 5012 2801 5061; x_wconf 88' lang='lat' dir='ltr'><strong>sue,</strong></span> <span class='ocrx_word' id='word_1_746' title='bbox 2844 5013 2977 5061; x_wconf 87' lang='lat' dir='ltr'><strong>ove,</strong></span> <span class='ocrx_word' id='word_1_747' title='bbox 3021 5005 3214 5052; x_wconf 83' lang='lat' dir='ltr'><strong>tauro.</strong></span> <span class='ocrx_word' id='word_1_748' title='bbox 3269 4995 3538 5055; x_wconf 89' lang='lat' dir='ltr'><strong>Pseudo-</strong></span> 
     </span>
    </p>
   </div>
   <div class='ocr_carea' id='block_1_23' title="bbox 2208 5070 3058 5146">
    <p class='ocr_par' dir='ltr' id='par_1_26' title="bbox 2208 5070 3058 5146">
     <span class='ocr_line' id='line_1_116' title="bbox 2208 5070 3058 5146; baseline -0.004 -16"><span class='ocrx_word' id='word_1_749' title='bbox 2208 5091 2442 5130; x_wconf 41' lang='lat' dir='ltr'><strong>‘ascom</strong></span> <span class='ocrx_word' id='word_1_750' title='bbox 2487 5073 2549 5128; x_wconf 90' lang='lat' dir='ltr'><strong>iu</strong></span> <span class='ocrx_word' id='word_1_751' title='bbox 2587 5070 2790 5127; x_wconf 84' lang='lat' dir='ltr'><strong>Divin.</strong></span> <span class='ocrx_word' id='word_1_752' title='bbox 2834 5090 2896 5146; x_wconf 84' lang='lat' dir='ltr'><strong>p.</strong></span> <span class='ocrx_word' id='word_1_753' title='bbox 2931 5077 3058 5131; x_wconf 86' lang='grc'><strong>105.</strong></span> 
     </span>
    </p>
   </div>
   <div class='ocr_carea' id='block_1_24' title="bbox 2236 5157 3537 5310">
    <p class='ocr_par' dir='ltr' id='par_1_27' title="bbox 2236 5157 3537 5310">
     <span class='ocr_line' id='line_1_117' title="bbox 2313 5157 3537 5234; baseline 0.002 -20"><span class='ocrx_word' id='word_1_754' title='bbox 2313 5157 2550 5225; x_wconf 63' lang='lat' dir='ltr'><strong>Somou,</strong></span> <span class='ocrx_word' id='word_1_755' title='bbox 2593 5157 3012 5224; x_wconf 81' lang='lat' dir='ltr'><strong>Atheniensis,</strong></span> <span class='ocrx_word' id='word_1_756' title='bbox 3056 5158 3158 5234; x_wconf 75' lang='lat' dir='ltr'><strong>qni</strong></span> <span class='ocrx_word' id='word_1_757' title='bbox 3194 5167 3256 5213; x_wconf 88' lang='lat' dir='ltr'><strong>et</strong></span> <span class='ocrx_word' id='word_1_758' title='bbox 3291 5158 3537 5234; x_wconf 66' lang='lat' dir='ltr'><strong>saphn-</strong></span> 
     </span>
     <span class='ocr_line' id='line_1_118' title="bbox 2236 5232 3537 5310; baseline 0.002 -19"><span class='ocrx_word' id='word_1_759' title='bbox 2236 5234 2502 5292; x_wconf 86' lang='lat' dir='ltr'><strong>tissimus</strong></span> <span class='ocrx_word' id='word_1_760' title='bbox 2540 5232 2653 5290; x_wconf 78' lang='lat' dir='ltr'><strong>fuit</strong></span> <span class='ocrx_word' id='word_1_761' title='bbox 2687 5250 2765 5291; x_wconf 87' lang='lat' dir='ltr'><strong>ex</strong></span> <span class='ocrx_word' id='word_1_762' title='bbox 2800 5243 3030 5310; x_wconf 71' lang='lat' dir='ltr'><strong>septena</strong></span> <span class='ocrx_word' id='word_1_763' title='bbox 3068 5244 3130 5292; x_wconf 83' lang='lat' dir='ltr'><strong>et</strong></span> <span class='ocrx_word' id='word_1_764' title='bbox 3151 5232 3353 5310; x_wconf 75' lang='lat' dir='ltr'><strong>legum</strong></span> <span class='ocrx_word' id='word_1_765' title='bbox 3376 5235 3537 5294; x_wconf 84' lang='lat' dir='ltr'><strong>scri-</strong></span> 
     </span>
    </p>
   </div>
  </div>
 </body>
</html>
