4367 6084
492 662 555 726 111
924 661 977 724 Μ.
1001 658 1203 726 CAELIUS
1225 658 1388 726 RUFUS.

488 819 611 872 cernue,
632 820 755 879 procos.
773 799 913 867 Ciliciae,
935 809 968 858 ut
988 799 1046 859 sibi
1066 821 1143 876 pan·
1171 803 1380 868 constituerat,
1401 801 1467 857 lore
1485 800 1596 858 auxilio
1616 800 1827 876 pollicebatur.

487 881 589 935 theras
622 877 660 935 ad
688 877 775 934 ludos
804 877 953 933 aedilitios
986 889 1141 953 procuret.
1172 878 1231 934 Sed
1253 875 1344 934 fiebat
1367 878 1515 963 aequitate
1538 862 1653 933 decreti
1673 887 1703 933 et
1724 880 1830 934 buma-

486 953 563 1011 lliid.
583 953 661 1030 Epp.
679 955 708 1010 1.
731 958 758 1010 8.
781 956 809 1010 9.
839 953 884 1009 De
906 954 943 1010 iis
963 952 1072 1011 Cicero
1092 970 1144 1010 re·
1171 956 1264 1010 nitate
1293 950 1459 1020 'I'rcbonii‚
1491 954 1541 1029 qui
1568 954 1614 1010 his
1640 954 1829 1028 temporibus

488 1029 617 1104 spondet
636 1028 673 1086 sd
687 1029 769 1084 Fam.
786 1037 813 1095 2,
830 1035 877 1095 11,
894 1035 922 1085 2.
947 1058 977 1070 -
1000 1029 1068 1085 Non
1087 1048 1143 1105 po·
1171 1031 1335 1086 clementer
1360 1039 1390 1085 et
1415 1027 1568 1085 moderate
1595 1030 1641 1085 ius
1668 1029 1831 1086 dicendum

486 1107 545 1161 tuit
555 1107 725 1161 accuratius
737 1105 848 1179 aginec
847 1105 1143 1236 prudentiusqnam
1173 1102 1373 1169 existimabat,
1396 1113 1428 1159 ut
1447 1106 1576 1179 reperiri
1594 1123 1656 1163 non
1676 1116 1790 1180 posset,
1813 1124 1831 1161 a

487 1192 535 1236 est
553 1192 652 1236 actum
672 1200 689 1236 a
709 1191 738 1235 te
758 1198 826 1236 cum
873 1183 979 1237 urioue
1006 1181 1042 1236 de
1069 1200 1143 1256 snp-
1172 1179 1280 1256 quibus
1304 1181 1423 1236 initium
1448 1179 1620 1255 appellandi
1639 1193 1829 1238 nasceretur.

485 1254 650 1330 plicatione
669 1257 742 1312 mihi
763 1255 963 1312 decernenda.
1000 1256 1038 1312 ad
1057 1257 1141 1313 Fam.
1172 1288 1190 1300 ·
1204 1255 1331 1331 -lpsis,
1353 1254 1390 1310 ad
1410 1273 1539 1332 quorum
1552 1257 1742 1313 commodum
1759 1276 1831 1333 per-

487 1337 525 1396 2,
542 1336 594 1399 15,
611 1342 637 1390 1.
654 1361 683 1371 -
697 1331 816 1389 Caelius
831 1333 987 1408 quaeritur
1001 1333 1037 1388 de
1052 1332 1143 1406 Appii
1172 1331 1295 1397 tinebat,
1317 1330 1422 1387 durior
1442 1333 1583 1388 inventus
1601 1343 1645 1388 est
1661 1331 1781 1390 Caelius
1801 1342 1833 1389 et

488 1402 1143 1485 Claudiiingratoanimoetiniuriis.adFaiii.
1173 1407 1210 1463 ab
1231 1409 1288 1464 boc
1308 1409 1463 1482 proiectus
1484 1409 1582 1476 initio,
1601 1426 1639 1464 ue
1656 1408 1769 1465 frustra
1782 1410 1832 1465 in-

486 1489 523 1549 8,
547 1489 599 1549 12,
630 1493 658 1543 1.
687 1512 723 1524 -
748 1482 982 1541 Insolentissimi
1007 1486 1143 1541 homines
1173 1501 1296 1560 gressus
1319 1494 1369 1539 tur
1392 1501 1571 1539 esucsnsam
1593 1482 1765 1553 videretur,
1787 1484 1832 1540 le-

486 1561 610 1616 summis
631 1557 825 1616 Circensibus
844 1559 922 1615 ludis
943 1561 1017 1627 iaicis
1038 1571 1144 1635 postu·
1172 1577 1240 1634 gean
1269 1501 1491 1633 promulgavit,
1525 1569 1559 1614 ut
1587 1562 1608 1629 †
1638 1562 1738 1617 sexies
1766 1562 1831 1616 seni

487 1634 610 1691 landum
624 1654 670 1690 me
686 1635 751 1710 lege
765 1633 919 1692 Scantinia
941 1647 1058 1692 curant.
1085 1635 1144 1691 Vix
1173 1636 1236 1691 dies
1251 1633 1355 1699 (verba
1369 1645 1512 1710 corrupta
1523 1637 1568 1690 sic
1579 1635 1834 1692 emendavitNie·

486 1711 544 1767 boc
565 1723 630 1767 crat
650 1710 723 1767 Pola
744 1710 892 1778 elocutus,
915 1730 984 1768 cum
1004 1729 1059 1787 ego
1079 1712 1144 1787 Ap·
1174 1711 1317 1766 liubrins:
1337 1717 1432 1762 sexies
1449 1716 1580 1762 semestri
1596 1711 1652 1774 die,
1674 1711 1703 1767 id
1724 1722 1781 1779 est,
1802 1717 1834 1762 in

509 1788 571 1842 ium
598 1804 755 1843 censorem
776 1787 879 1842 eadem
899 1785 926 1842 le
949 1806 964 1842 c
984 1787 1144 1864 postulavi.
1172 1787 1251 1838 seclis
1263 1786 1354 1838 naresi
1367 1804 1424 1837 von
1436 1786 1516 1838 seclis
1527 1805 1562 1836 sii
1573 1786 1653 1838 seclis
1662 1787 1834 1859 Menatem)

486 1805 564 1919 lbid.
580 1872 604 1923 t.
622 1865 650 1921 5.
672 1892 708 1904 -
729 1863 905 1938 Auguratuc
923 1808 1035 1920 llcllum
1055 1862 1144 1920 civile
1173 1865 1237 1918 sinc
1261 1865 1361 1918 usuris
1385 1861 1517 1917 creditae
1540 1864 1685 1936 pecuniae
1709 1863 1833 1919 solvan-

486 1938 632 1994 l'nturum.
662 1936 699 1993 ad
713 1937 796 1993 Fani.
818 1943 845 2003 8,
862 1939 909 2004 11,
925 1942 953 1994 2.
971 1969 1006 1984 ·-
1024 1938 1143 1997 Caelius
1173 1949 1234 1994 tur.
1263 1936 1337 1993 Cuni
1356 1939 1512 1993 resisteret
1531 1935 1566 1993 Ρ.
1582 1934 1730 1994 Servilius
1744 1938 1832 1995 Vatia

488 2011 630 2069 libertum
649 2011 687 2069 ad
707 2032 754 2068 me
775 2014 856 2069 misit
876 2025 906 2070 et
924 2014 1039 2071 litteras
1054 2032 1145 2071 aecu—
1173 2012 1282 2070 consul
1299 2013 1405 2088 reliqui
1429 2030 1465 2068 ue
1482 2014 1674 2088 magistratus
1689 2024 1719 2070 et
1732 2017 1832 2070 minus

487 2100 552 2147 rate
572 2090 721 2164 scriptas3
744 2088 796 2146 sed
817 2089 852 2145 de
870 2091 1024 2164 pantheris
1039 2089 1144 2163 (Ciby-
1173 2090 1316 2164 opinione
1330 2107 1382 2144 sua
1397 2031 1529 2145 abesset
1547 2088 1585 2144 ad
1606 2089 1760 2145 bominum
1777 2107 1833 2145 ex-

486 2165 604 2232 raticis)
624 2163 710 2220 foede
731 2170 770 2231 (a.
790 2184 820 2220 u.
844 2184 870 2221 c.
894 2169 985 2240 tot).
1021 2165 1058 2222 ad
1078 2167 1142 2221 Att.
1174 2164 1293 2221 citanda
1311 2164 1409 2221 studia
1430 2163 1547 2220 sublata
1561 2165 1665 2240 priore
1679 2165 1743 2241 lege
1757 2164 1832 2221 duas

487 2248 516 2309 6,
533 2253 560 2307 1,
576 2245 623 2299 21.
646 2266 681 2283 -
702 2240 798 2314 Cupio
819 2240 953 2297 Caelium
973 2240 1145 2316 expeditum
1174 2240 1392 2315 promulgavit:
1414 2258 1516 2308 unam,
1532 2258 1591 2317 qna
1609 2241 1763 2297 mercedes
1778 2242 1832 2297 bii-

487 2315 603 2372 videre.
643 2314 718 2372 lbid.
747 2319 771 2384 §-
793 2321 840 2376 23.
865 2347 896 2358 —
925 2316 1058 2390 Rogatus
1086 2317 1144 2373 ali·
1174 2317 1353 2371 liitstionnm
1376 2333 1491 2371 annuas
1514 2315 1753 2373 conductoribus
1777 2315 1833 2372 do-

486 2390 608 2526 puaudo
635 2410 702 2447 sum
729 2411 746 2447 ιι
769 2390 899 2449 Caesare
920 2391 1081 2450 Rauennae
1109 2392 1144 2448 de
1174 2393 1273 2457 navit3
1307 2391 1432 2447 alteram
1463 2388 1632 2448 tabularum
1663 2405 1829 2457 novarumt

513 2467 600 2533 aelio,
621 2465 746 2524 tribuno
780 2466 814 2534 1.,
832 2472 956 2531 (utrum
970 2469 1144 2525 inducerem
1174 2469 1347 2542 impetuque
1372 2467 1571 2524 multitudinis
1597 2470 1629 2524 iu
1652 2466 1686 2525 C.
1711 2464 1831 2524 Trebo-

486 2544 524 2601 sd
544 2543 640 2618 legem
666 2485 823 2600 serendam
849 2543 885 2601 de
910 2543 1048 2602 habenda
1069 2543 1145 2602 Cae·
1175 2545 1255 2599 nium
1268 2542 1349 2598 lacto
1364 2553 1394 2599 et
1408 2542 1561 2600 nonnullis
1580 2543 1745 2600 volneratis
1763 2562 1831 2599 eum

486 2620 565 2677 saris
579 2616 712 2676 absentis
726 2622 867 2689 ratione).
896 2620 933 2677 cd
946 2621 1010 2676 Att.
1028 2627 1056 2687 7,
1072 2620 1142 2688 1,1.
1173 2619 1209 2675 de
1231 2616 1376 2674 tribunali
1392 2616 1573 2680 deturbavit.
1599 2619 1644 2676 Dc
1658 2617 1768 2695 quibus
1782 2636 1831 2674 re-

486 2726 521 2741 ·-
536 2694 636 2753 Uuum
651 2697 740 2750 etiam
754 2693 791 2750 de
805 2693 917 2752 Caelio.
944 2695 1077 2753 Tantum
1091 2694 1145 2752 ab·
1174 2692 1228 2750 bus
1242 2691 1392 2751 Servilius
1405 2694 1513 2751 consul
1528 2694 1716 2751 adsenseum
1733 2705 1831 2750 rettu-

486 2780 549 2835 est,
571 2780 604 2826 ut
623 2787 719 2826 meam
743 2768 794 2826 ille
812 2771 993 2827 sententiam
1012 2782 1142 2838 moreat,
1172 2770 1207 2826 lit
1226 2781 1408 2845 senatusque
1428 2769 1560 2826 Caelium
1587 2769 1625 2827 ab
1651 2788 1684 2828 rc
1709 2768 1831 2845 publica

486 2856 520 2903 ut
539 2845 626 2902 valde
647 2862 703 2921 ego
724 2847 803 2921 ipsi,
835 2846 917 2923 quod
943 2848 1052 2905 desua
1073 2865 1145 2903 seu·
1173 2845 1390 2919 removendum
1425 2848 1553 2902 censuit.
1606 2843 1672 2903 Hoc
1706 2845 1830 2902 decreto

485 2924 580 2979 tentia
619 2920 794 2978 discesserit
834 2922 892 2990 (ad
924 2922 1144 2999 Caesaremque
1173 2939 1240 2977 eum
1260 2919 1369 2977 consul
1389 2933 1495 2977 senatu
1517 2916 1672 2996 probibuit
1696 2931 1726 2977 et
1751 2939 1830 2977 con-

384 2996 392 3009 ’
485 2999 655 3065 transierit)
678 2994 893 3072 poenitendum
913 3009 1024 3074 putem.
1063 2997 1141 3055 lbid.
1173 2999 1284 3052 tiouari
1314 3006 1474 3053 conantem
1496 2997 1532 3053 de
1552 2995 1673 3054 Rostris
1693 2995 1828 3053 deduxit.

485 3072 544 3151 Ep.
560 3078 588 3141 5,
604 3080 632 3133 6-
649 3103 685 3117 -
705 3073 828 3130 Portam
840 3072 1070 3130 Flumentanam
1090 3093 1144 3130 oc·
1172 3072 1224 3127 llle
1245 3073 1410 3150 ignominia
1429 3081 1459 3128 et
1481 3070 1585 3129 dolore
1604 3082 1759 3147 permotus
1775 3090 1831 3148 pa-

486 3150 619 3224 cupivit,
642 3149 661 3204 i.
675 3166 702 3204 e.
718 3151 829 3216 omnia,
848 3167 923 3225 quae
944 3152 1059 3206 circum
1080 3168 1143 3206 eam
1173 3149 1231 3204 lam
1251 3166 1283 3203 se
1304 3145 1461 3222 proficisci
1480 3148 1518 3205 ad
1532 3146 1693 3206 Caesarem
1706 3148 1832 3205 simula-

486 3234 574 3292 sset,
595 3226 677 3280 emit.
704 3221 780 3281 lbid.
801 3233 826 3286 1.
847 3227 877 3282 9.
898 3254 935 3266 -
955 3223 1065 3282 Utrum
1084 3224 1145 3281 loci
1173 3226 1232 3288 vit:
1260 3223 1479 3311 elamtnuotiis
1506 3224 1543 3279 ad
1565 3223 1708 3280 Milonem
1730 3222 1831 3309 missis

485 3300 603 3507 iipli}
617 3297 1054 3450 tt‘1tbbl‘llli'at'tt
1067 3300 1144 3450 llil
1173 3298 1831 3451 tiit..tt¹⁰.l‘⁸ltl.tttlttattii}

486 3469 503 3539 ι
538 3450 580 3508 Μ.
597 3449 732 3508 Caelium
747 3450 857 3508 llufnm
878 3462 1015 3525 spectent
1035 3469 1141 3519 necne,
1172 3452 1338 3527 praemisit.
1364 3451 1433 3527 lpse
1455 3469 1523 3506 cum
1541 3450 1706 3538 Casilinum
1728 3452 1833 3507 venis·

485 3536 730 3670 lllscteellltbmlltlfbts,
749 3525 1142 3679 qllblbestafildllldlbbidbisllb
1172 3538 1217 3657 lbl
1232 3526 1832 3678 alltllqltlualrlddngbbbasdgelbbeblildolilliblrld:

485 3677 603 3744 Africa,
624 3678 656 3732 iu
675 3677 775 3752 lugam
794 3682 925 3734 vertitur
945 3698 971 3734 a.
989 3685 1141 3739 u.c.705.
1173 3680 1264 3734 hensa
1294 3686 1323 3732 et
1347 3678 1458 3734 familia
1491 3677 1618 3751 Neapoli
1648 3681 1714 3734 visa
1741 3686 1830 3750 atque

486 3752 679 3811 CaesarC'v.
702 3758 851 3821 211-
869 3753 1043 3823 Dolabella,
1066 3753 1144 3811 Cae·
1172 3753 1305 3830 proditio
1331 3753 1435 3828 oppidi
1460 3772 1498 3828 ap
1521 3760 1638 3819 areret,
1672 3753 1830 3829 patefactis

485 3828 544 3886 lius
571 3773 709 3886 scribunt
734 3847 781 3885 me
802 3828 925 3887 Caesari
948 3830 1032 3886 valde
1052 3831 1144 3886 satis·
1172 3829 1307 3885 consiliis
1329 3828 1471 3885 exclusus
1491 3772 1592 3903 dopna
1613 3838 1643 3885 et
1662 3828 1831 3903 periculum

484 3904 587 3964 lacere
607 3903 649 3979 (a.
666 3922 694 3958 ιι.
710 3922 737 3959 c.
754 3909 845 3974 705).
874 3905 912 3961 ad
926 3905 989 3961 Ati.
1007 3913 1034 3973 7,
1049 3913 1097 3973 21,
1114 3912 1141 3966 5.
1173 3907 1298 3969 veritus,
1320 3905 1400 3980 quod
1421 3915 1588 3960 conventus
1608 3922 1691 3960 arma
1708 3914 1831 3978 ceperat

485 4007 523 4024 -
542 3979 616 4036 Eius
637 3979 781 4053 epistolae
808 3987 848 4048 (a.
863 3998 892 4036 ιι.
908 3999 934 4037 c.
951 3981 1033 4055 705.)
1053 3983 1143 4037 mise·
1172 3990 1202 4037 at
1225 3998 1261 4036 ue
1275 3997 1343 4035 eum
1357 3980 1452 4036 hostis
1465 3979 1534 4036 loco
1545 3978 1714 4036 babendum
1725 3980 1832 4035 existi-

485 4054 622 4115 rabiliter
635 4057 766 4130 scriptae
778 4055 888 4130 duplex
898 4056 1084 4131 exemplum:
1106 4056 1145 4112 ad
1172 4075 1217 4111 ms
1242 4067 1288 4122 at,
1317 4056 1443 4111 consilio
1468 4054 1583 4112 destitit
1608 4066 1696 4132 atque
1719 4073 1756 4111 co
1779 4056 1832 4109 iti-

485 4132 569 4190 Fam.
593 4137 686 4198 8,16.
716 4131 753 4187 ad
767 4130 831 4187 nu.
854 4140 901 4200 10,
923 4139 950 4190 9.
961 4133 999 4188 A.
1021 4162 1059 4175 -
1078 4131 1143 4189 llac
1173 4149 1244 4187 nere
1265 4149 1331 4187 sese
1351 4131 1472 4187 avertit.
1501 4130 1670 4196 Proiectus,
1692 4141 1724 4187 ut
1742 4130 1832 4187 dicti·

484 4205 909 4341 a12⁵nii⁵sa⁶‘:.laa⁰n
927 4208 1144 4341 bittit·
1170 4205 1829 4339 11ῗὲἒὲῦὶῗῖέξέ’.1ιῖἷῖ.ἳὲῗιῖἶ”ἒέ“ἷέἳ’

486 4359 520 4419 C.
542 4300 683 4417 Curidbis
707 4360 838 4415 amicitia
864 4378 911 4416 me
934 4325 1087 4435 paullatim
1112 4361 1142 4415 iu
1171 4326 1301 4415 licilaret
1328 4301 1539 4434 ellqnitibusqne
1567 4301 1722 4416 Caesarisp
1733 4355 1828 4414 Gallis

483 4438 564 4494 banc
587 4433 734 4510 perditam
757 4453 879 4492 causam
901 4434 1143 4508 (Caesarianam)
1171 4444 1261 4510 atque
1281 4432 1436 4508 Hispanis,
1458 4435 1508 4509 qui
1525 4451 1560 4489 eo
1579 4433 1724 4509 praesidii
1738 4449 1828 4488 causa

485 4511 644 4588 imposuit;
663 4528 733 4565 nam
746 4513 818 4567 mihi
830 4514 927 4567 sentio
938 4510 1048 4569 bonam
1059 4529 1142 4568 rnen·
1171 4512 1254 4566 missi
1267 4519 1364 4575 erant,
1386 4511 1543 4585 pecuniam
1562 4509 1768 4584 polliceretur,
1792 4505 1830 4563 ab

485 4599 545 4645 tem
565 4586 719 4643 iracundia
749 4597 779 4641 et
804 4605 905 4643 amore
926 4586 1064 4643 ablatam.
1106 4588 1142 4642 ad
1172 4589 1207 4643 iis
1220 4596 1266 4641 est
1282 4586 1467 4642 interiectus.
1490 4583 1603 4641 Caesar
1616 4584 1682 4642 civ.
1698 4589 1728 4649 3,
1744 4588 1831 4642 2⁰-

484 4663 568 4720 Fam.
593 4671 630 4731 8,
655 4669 708 4730 17,
734 4671 761 4720 1.
783 4693 819 4705 -
839 4663 881 4719 Μ.
906 4662 1025 4720 Caelius
1048 4663 1142 4720 llulus
1171 4669 1217 4720 22.
1239 4690 1277 4705 -
1297 4660 1409 4717 Caesar
1429 4661 1496 4719 civ.
1519 4667 1553 4728 1,
1576 4668 1659 4716 2.-
1678 4658 1728 4716 Ad
1743 4659 1828 4716 Faus.

506 4749 609 4796 raetor
632 4756 659 4794 s.
680 4756 710 4794 u.
731 4757 758 4795 c.
781 4741 844 4798 706.
871 4745 953 4808 (cum
973 4737 1085 4796 Caesar
1110 4741 1140 4794 in
1171 4741 1198 4804 5,
1215 4743 1305 4804 tus.
1331 4766 1360 4777 -
1384 4736 1448 4793 cn.
1467 4734 1613 4793 Senecam
1631 4735 1667 4791 de
1686 4735 1737 4790 Ira
1755 4741 1784 4801 5,
1799 4736 1828 4801 1,

485 4758 579 4889 bpiro
607 4812 718 4872 bellum
745 4826 865 4892 gereret
890 4833 958 4871 eum
984 4814 1141 4889 Pompeio)
1170 4823 1198 4875 8.
1224 4843 1253 4855 -
1277 4812 1318 4869 Μ.
1342 4812 1477 4869 Caelium
1502 4811 1608 4867 melius
1636 4808 1832 4868 obiicientem

485 4906 574 4946 causa
602 4889 773 4947 debitorum
797 4901 938 4967 suscepta
964 4892 1050 4946 initio
1077 4907 1142 4944 ma·
1170 4888 1749 4965 criminaquamdelendentem,Bonum
1760 4887 1832 4938 dex·

506 4967 628 5022 istratus
648 4964 782 5024 tribunal
801 4985 888 5023 suum
908 4968 992 5022 iuxta
1014 4963 1047 5022 C.
1062 4964 1139 5020 Tre·
1169 4974 1256 5034 tram,
1278 4967 1383 5018 maim
1398 4971 1546 5017 sinistram
1565 4963 1667 5015 habers
1684 4961 1761 5019 dixit
1782 4960 1831 5019 ci-

483 4983 570 5097 bonii
590 5045 739 5115 praetoris
759 5040 868 5099 urbani
887 5040 990 5097 sellam
1004 5039 1141 5097 colloca·
1169 5057 1251 5096 cero.
1274 5039 1399 5112 Quintil.
1412 5044 1441 5106 6,
1460 5047 1489 5108 5,
1500 5043 1548 5098 69.
1561 5068 1591 5079 -
1605 5036 1733 5096 Multum
1744 5039 1831 5114 iugc-

483 5116 530 5171 vit
551 5127 597 5181 et,
619 5118 645 5172 si
665 5119 732 5192 quis
751 5117 933 5195 appellasset
948 5116 984 5172 de
1000 5117 1141 5172 aestima·
1168 5117 1211 5172 nii
1225 5119 1256 5171 in
1270 5117 1371 5174 Caelio
1384 5126 1414 5172 et
1430 5118 1592 5192 praecipue
1611 5116 1643 5172 in
1656 5114 1830 5171 accusando

482 5191 566 5248 tione
582 5200 612 5246 ct
629 5189 664 5246 de
683 5191 896 5258 solutionibus,
919 5211 995 5268 quae
1014 5209 1069 5266 per
1089 5209 1140 5247 ar·
1168 5191 1259 5247 multa
1280 5191 1447 5258 urbanitas,
1470 5191 1638 5266 alienusque
1655 5193 1714 5259 sir,
1736 5191 1786 5247 cui
1801 5199 1831 5244 et

484 5263 608 5325 bitriuus
637 5262 761 5338 tierent,
792 5280 826 5327 ut
852 5267 964 5328 Caesar
983 5282 1139 5345 praeseus
1166 5267 1369 5326 meusmelior
1386 5269 1486 5325 etvita
1499 5238 1621 5344 longior
1636 5266 1827 5345 contigisset.
