4367 6084
1385 647 2020 721 RAUDUSCULA
2063 650 2388 721 PORTA
2430 687 2513 702 —
2555 650 2978 721 REMMIA.

919 794 1321 852 manaseas
1363 794 1594 852 Pon-rs.
1675 794 1874 851 Varro
1918 794 2044 851 LL.
2087 798 2145 862 5,

838 874 934 933 34.
974 890 1036 948 p.
1071 875 1199 933 165.
1228 883 1239 901 ’

917 974 1236 1043 RAvmmi,
1282 974 1517 1030 colonia
1559 985 1616 1029 et
1649 985 1858 1048 portus
1887 974 1961 1030 ad
1989 991 2150 1030 mare

3389 654 3515 723 509

2283 793 2630 869 Recurpro
2662 794 2886 852 Milone
2923 796 3016 862 14,
3060 801 3154 856 37.
3199 808 3292 854 est
3329 797 3516 875 Regia

2209 870 2474 944 (domus)
2500 870 2731 926 Numae
2772 874 2833 928 in
2861 867 3044 929 Urbis
3072 875 3320 948 regione
3347 885 3519 932 octa-

2210 965 2305 1001 va.
2365 944 2490 1002 Csr.
2522 944 2850 1003 Oudendor
2897 987 2911 1000 .
2951 945 3026 1003 ad
3052 944 3220 1004 Suet.
3254 948 3389 1007 Oct.
3419 955 3515 1011 76.

836 1050 1221 1107 Adriaticum
1257 1053 1316 1107 in
1340 1049 1535 1105 Gallia
1560 1049 1917 1124 Cispadana.
1948 1078 2009 1089 -
2034 1048 2154 1104 Ra·
2211 1040 2271 1095 P·
2302 1024 2433 1078 294·
2491 1020 2581 1077 De
2621 1021 2808 1078 ‘sstem
2904 1023 3044 1098 ‘gia
3076 1024 3233 1080 Auel
3274 1024 3513 1092 M⁸P0552

838 1144 1102 1182 vennam
1141 1125 1366 1183 Caesar
1412 1128 1732 1201 quotannis
1773 1124 1848 1180 ad
1887 1143 2154 1181 conven-

2214 1093 2313 1151 ubi
2372 1094 2676 1153 habitabat
2722 1098 3004 1183 ‘pontifex
3058 1101 3391 1167 maximus,
3454 1104 3520 1158 in

834 1212 936 1259 tus
989 1202 1255 1277 agendos
1309 1204 1516 1256 venire
1570 1201 1782 1256 solitus
1837 1211 1983 1256 emt·
2078 1199 2153 1254 ad
2212 1189 2439 1226 summa
2463 1170 2652 1228 Sacra
2678 1175 3518 1252 via,regioneautemquarta,

835 1277 966 1333 Att·
994 1287 1048 1343 7,
1079 1287 1130 1343 1,
1156 1280 1212 1334 4.
1273 1296 1384 1352 pro
1405 1274 1594 1333 Balbo
1616 1285 1710 1342 22,
1736 1281 1827 1333 50.
1888 1275 1961 1331 ad
1989 1275 2151 1329 Fam.

840 1363 898 1420 1,
942 1355 1000 1418 9,
1045 1357 1101 1412 9.
1161 1350 1296 1408 Lib.
1342 1361 1399 1418 8,
1443 1363 1495 1419 1,
1538 1355 1594 1410 ΙΙ.

919 1456 1049 1512 Rea
1092 1454 1313 1542 Sinus
1368 1457 1494 1513 sive
1542 1455 1697 1543 lma,
1780 1454 1926 1510 Eius
1978 1454 2155 1528 ῥῆσις

839 1531 1003 1675 ιεῐῗ
1038 1532 1782 1663 53;ffi?;„;¹5.3?¹z>:;.2;
1811 1536 1935 1661 ξι.
1955 1533 2152 1668 ἓῗῐ.

838 1701 903 1756 p.
949 1685 1080 1741 146.
1133 1714 1192 1724 —
1255 1682 1498 1739 Rectior
1552 1693 1642 1738 est
1698 1682 1999 1756 scriptura
2042 1680 2152 1732 Rea

847 1776 1028 1834 quam
1066 1759 1236 1812 Rhea.
2045 1764 2053 1793 ¹

921 1861 1133 1917 Rea-rs
1193 1860 1265 1916 ad
1318 1864 1477 1917 viam
1532 1859 1829 1917 Salariam
1889 1861 1950 1915 in
2002 1876 2154 1934 agro

841 1935 1074 1994 Sabino
1127 1936 1342 2004 (hodie
1393 1939 1598 2004 Rieu).
1681 1935 1879 1992 Varro
1923 1934 2048 1990 RR.
2093 1939 2150 2000 3,

840 2019 902 2079 1,
948 2019 1003 2071 6.
1041 2042 1119 2055 —
1156 2011 1348 2069 Hinc:

860 2146 867 2160 ·
918 2115 1199 2172 Rumina
1243 2116 1642 2190 praefectura.
1717 2115 1788 2171 de
1816 2114 1955 2171 Nat.
1988 2113 2060 2169 D.
2091 2118 2148 2177 2,

844 2196 906 2260 2,
948 2194 1007 2251 6.
1091 2194 1152 2247 in
1195 2191 1368 2247 Catil.
1412 2195 1468 2256 3,
1510 2198 1568 2258 2,
1613 2194 1669 2249 5.

908 2302 1188 2367 ‚Rea-rim
1218 2307 1278 2360 in
1309 2323 1455 2380 agro
1478 2301 1726 2360 Sabino.
1766 2301 2154 2358 Reatinorum

840 2396 1096 2445 corona,
1131 2380 1343 2446 (basta,
1379 2381 1622 2444 auctio).
1668 2377 1743 2434 ad
1766 2378 1891 2433 Att.
1924 2380 1983 2442 9,
2015 2382 2070 2441 8,
2107 2389 2155 2433 1.

848 2484 914 2497 -
956 2454 1169 2529 Nuper
1209 2472 1341 2510 cum
1384 2454 1657 2519 Reatini,
1710 2456 1811 2530 qui
1852 2463 2053 2508 essent
2093 2453 2155 2506 in

841 2526 964 2588 fide
1025 2548 1154 2585 mea
1213 2532 1364 2598 (mei
1420 2531 1740 2595 clientes),
1825 2546 1916 2583 me
1990 2544 2158 2582 suam

838 2605 1145 2681 publicam
1185 2624 1424 2661 causam
1466 2605 1537 2662 de
1575 2604 1773 2679 Velini
1810 2599 2156 2658 fluminibus

839 2693 903 2738 et
929 2681 1223 2737 cuniculis
1266 2683 1421 2756 apud
1451 2682 1558 2736 bos
1588 2680 1864 2737 consules
1907 2677 2000 2746 (L.
2034 2677 2157 2743 Do-

842 2760 1076 2814 mitium
1094 2757 1558 2814 Ahenobarbum
1583 2769 1637 2812 et
1656 2758 1816 2830 App.
1841 2753 2154 2811 Claudium

836 2832 1174 2890 Pulchrum
1215 2852 1268 2887 a.
1317 2852 1373 2888 ιι.
1418 2853 1472 2889 c.
1519 2839 1670 2900 700.)
1713 2849 1889 2905 agere
1930 2829 2157 2884 voluis-

838 2917 999 2975 sent,
1047 2926 1166 2963 non
1209 2911 1546 2964 existimavi
1589 2927 1681 2964 me
1725 2925 1915 2983 neque
1959 2905 2156 2981 digni-

840 2985 952 3039 tati
1014 2984 1430 3058 praefecturae
1497 2986 1891 3059 gravissimae
1963 2998 2156 3056 neque

837 3055 985 3117 fidei
1025 3077 1188 3115 meae
1225 3063 1368 3116 satis
1402 3078 1533 3115 esse
1562 3061 1876 3125 facturum,
1920 3058 2036 3113 nisi
2065 3073 2155 3111 me

849 3152 1093 3191 causam
1137 3134 1294 3190 illam
1334 3154 1453 3191 non
1496 3136 1685 3191 solum
1715 3136 2005 3194 homines,
2052 3131 2154 3188 sed

840 3210 1023 3266 etiam
1080 3212 1244 3276 locus
1301 3213 1427 3285 ipse
1486 3211 1770 3342 ΙαοιιεἮιε
1830 3208 2152 3266 docuisset.

841 3304 962 3361 pro
1002 3284 1236 3343 Scauro
1279 3293 1346 3351 2,
1394 3293 1486 3345 27.
1550 3316 1610 3326 —
1729 3287 1909 3341 eatini
1948 3302 2039 3339 me
2081 3283 2152 3338 ad

841 3378 950 3417 sua
985 3363 1177 3438 τέμπη
1205 3361 1523 3430 duxerunt,
1558 3372 1622 3417 ut
1648 3380 1885 3438 agerem
1914 3377 2153 3416 causam

845 3447 1064 3493 contra
1092 3436 1528 3493 Interamnates
1569 3439 1725 3513 apud
1767 3436 2070 3494 consulem
2101 3443 2159 3489 et

846 3511 1056 3568 decem
1097 3512 1346 3588 legatos.
1391 3519 1470 3581 (a.
1510 3532 1569 3568 u.
1610 3532 1665 3569 c.
1705 3513 1867 3586 700.)
1921 3511 1995 3567 ad
2023 3511 2149 3567 Att.

839 3593 902 3655 ΙΙ,
952 3592 1041 3652 15,
1092 3593 1146 3646 5.
1221 3594 1455 3664 (Ti-,amq
1515 3609 1660 3654 sua,
1719 3588 1777 3645 id
1836 3597 1962 3653 est,
2026 3585 2154 3641 loca

840 3680 1117 3728 amoena,
1152 3682 1302 3739 quae
1326 3676 1496 3720 eraut
1520 3668 1592 3720 ad
1616 3665 1810 3720 lacum
1834 3661 2157 3736 Velinum.)

844 3738 1242 3796 Reatinorum
1284 3750 1341 3795 et
1374 3740 1869 3796 Interamnatium
1909 3748 2158 3795 coutro-

840 3817 1081 3871 versiae
1123 3815 1367 3871 de‘lacu
1409 3815 1641 3873 Velino.
1702 3815 1901 3872 Varro
1940 3813 2063 3870 RR.
2095 3818 2152 3878 3,

830 3898 914 3956 Q,
962 3896 1017 3951 5.
1082 3921 1156 3933 —
1212 3890 1475 3948 Reatinis
1536 3890 1847 3967 paludibus
1905 3888 2158 3965 ungulae

847 3964 1253 4022 iumentorum
1297 3968 1674 4024 indurantur.
1702 3990 1717 4007 ·
1752 3968 2052 4042 Fragmm.

844 4121 991 4250 tiati5
1038 4116 1235 4254 {gari-o
1279 4118 1400 4174 RR.
1447 4128 1502 4188 2,
1552 4131 1606 4187 1,
1651 4126 1742 4178 Η.
1799 4118 1998 4175 Varro
2028 4117 2152 4174 RR.

931 4305 1243 4363 Rtxrmus
1279 4328 1455 4383 ager3
1500 4312 1558 4365 in
1592 4327 1662 4364 eo
1691 4307 1941 4366 Cutiliae
1969 4307 2156 4371 lacus,

848 4382 1058 4439 Italiae
1118 4383 1456 4440 umbilicus.
1538 4384 1737 4440 Varro
1776 4384 1876 4440 Fr.
1923 4404 1980 4457 p.
2029 4388 2155 4442 365.

850 4457 989 4533 Bip.
1039 4491 1104 4504 —-
1145 4459 1213 4514 In
1255 4478 1325 4515 eo
1368 4460 1750 4532 Aborigines.
1806 4459 2006 4516 Varro
2039 4456 2189 4530 LL.}

852 4540 913 4600 5,
945 4544 999 4593 8.
1033 4555 1090 4609 p.
1120 4541 1211 4593 59.
1250 4565 1310 4575 -
1345 4534 1432 4591 Ibi
1461 4539 1761 4612 equariae.
1805 4535 2005 4590 Varro
2033 4534 2157 4590 RR.

852 4617 909 4666 2.
961 4609 1157 4666 Praef.
1203 4618 1256 4669 6.
1339 4611 1411 4666 de
1457 4611 1584 4684 lege
1627 4630 1755 4684 agr.
1804 4619 1869 4678 2,
1915 4614 2020 4677 25,
2064 4614 2157 4669 66.

852 4683 1056 4741 Varro
1100 4685 1225 4743 RR.
1271 4697 1325 4752 1,
1375 4695 1427 4752 7,
1474 4695 1526 4747 7.
1585 4685 1735 4743 Ibid.
1781 4688 1870 4751 14,
1918 4691 1972 4746 5.

933 4797 1220 4854 Rzaizus.
1280 4798 1429 4854 Vide
1458 4797 1528 4853 Τ.
1559 4797 1847 4854 Caninius
1877 4796 2157 4852 Rastros.
2188 4788 2189 4820 ³

933 4909 1381 4968 Rscsxromcus
1431 4929 1573 4984 ager
1616 4909 1944 4965 Siciliensis
1985 4927 2161 4965 exce-

853 4997 995 5062 ptus
1050 5007 1082 5041 a
1128 4987 1298 5044 Rullo
1353 4990 1413 5044 in
1456 4987 1729 5063 vectigali
1778 4986 2159 5060 imponendo.

856 5061 929 5118 de
970 5061 1101 5137 lege
1130 5083 1259 5139 agr.
1308 5074 1361 5131 1,
1407 5068 1461 5128 Ιι,
1511 5070 1600 5121 10.
1659 5061 1790 5117 lbid
1830 5070 1885 5129 2,
1929 5067 2023 5129 21,
2068 5067 2161 5121 57.

933 5175 1133 5232 thss
1174 5176 1400 5233 Manen
1455 5176 1776 5233 Domitium
1818 5150 2165 5231 loris—ceci-

857 5250 1100 5311 derunt.
1146 5251 1364 5323 Heus,
1389 5259 1484 5324 21,
1509 5258 1605 5316 52.
1645 5251 1779 5312 Vid.
1801 5253 1862 5310 in
1882 5250 2164 5312 Mucus.

1374 5410 1387 5453 1

2209 1246 2406 1301 locum
2447 1247 2519 1303 ad
2556 1249 2823 1303 Atticum
2861 1256 2953 1314 10,
2998 1253 3053 1307 5.
3080 1250 3181 1315 Α.,
3231 1257 3323 1306 1.ε
3366 1251 3522 1319 «Ἶί-

2212 1340 2344 1378 sum
2382 1332 2438 1376 te
2480 1323 2647 1379 aiunt
2685 1325 2748 1379 in
2794 1324 2973 1399 Regia
2997 1327 3027 1355 ⁴¹
3086 1324 3519 1400 interpretatur

2212 1397 2258 1452 F
2265 1396 2593 1454 riedericus
2616 1398 2858 1473 Tripliu
2885 1402 2946 1455 in
2977 1398 3230 1456 Miscell.
3258 1401 3515 1458 Cracov.

2213 1475 2386 1558 novis
2412 1480 2651 1603 (pf-105.
2683 1494 2853 1561 seqq.
2911 1474 3155 1563 Ironiee.
3189 1479 3373 1564 igitur
3397 1477 3521 1533 Re-

2214 1567 2419 1679 ffllnilinta
2427 1549 3033 1702 in‘ess’iiiltzllligfiztsdg
3050 1549 3521 1702 figigigagignbaaet·

2223 1729 2282 1740 —
2326 1696 2640 1764 Aebutius,
2686 1700 3247 1759 defensoruimium
3290 1703 3521 1778 litigio-

2213 1793 2336 1840 sus,
2368 1778 2664 1832 contritus
2691 1777 2764 1832 ad
2793 1777 3059 1854 Regiam.
3117 1796 3231 1852 pro
3258 1776 3518 1837 Caecina

2212 1853 2280 1915 6,
2334 1857 2419 1907 11.
2476 1852 2534 1908 id
2588 1861 2709 1917 est,
2777 1855 2876 1928 qui
2934 1852 3263 1910 levioribus
3322 1856 3520 1912 causis

2213 1924 2479 2000 agendis,
2505 1930 2937 1984 controversiis
2959 1928 3379 2003 suscipiendis,
3404 1949 3521 1986 ne-

2178 2039 2179 2042 *
2214 2002 2394 2076 gotiis
2434 2002 2715 2076 gerendis
2750 2003 3086 2078 implicatus
3114 2023 3352 2080 semper
3378 2024 3523 2062 ver-

2214 2086 2382 2132 satur
2412 2080 2484 2132 ad
2514 2077 2757 2153 Regiam
2787 2081 2848 2134 in
2876 2079 3064 2136 Sacra
3092 2079 3225 2136 Via.
3270 2080 3522 2138 Ioanne.

2214 2151 2479 2228 Namque
2521 2172 2681 2210 nunc
2722 2156 2942 2230 legitur
2980 2174 3011 2210 e
3053 2153 3201 2212 Cod.
3232 2155 3521 2232 Palimps.

2214 2235 2274 2283 et
2314 2226 2544 2284 Erfurt.
2588 2236 2823 2283 contriti
2859 2231 2940 2282 ad
2962 2231 3198 2299 Regiam
3235 2250 3350 2307 pro
3379 2250 3522 2289 cor..

2214 2305 2409 2377 ruptis
2451 2302 2604 2360 illis:
2646 2312 2854 2359 conciti
2891 2306 2970 2358 ad
3007 2313 3218 2363 rixam.

2289 2414 2645 2486 Ramesses,
2694 2420 3028 2494 municipes
3067 2419 3239 2498 Regii
3283 2419 3517 2497 Lepidi.

2215 2490 2289 2546 ad
2329 2491 2494 2547 Fam.
2544 2498 2638 2560 13,
2683 2502 2738 2561 7,
2785 2501 2844 2552 4.-

2293 2603 2594 2661 necatus
2643 2605 2844 2672 lacus,
2904 2608 2964 2663 in
3002 2607 3181 2665 Latio
3237 2610 3311 2668 ad
3364 2613 3523 2669 viam

2215 2677 2599 2736 Lavicanam.
2669 2681 2973 2744 Proelium
3014 2682 3094 2739 ibi
3142 2687 3522 2744 commissum

2216 2773 2269 2808 a.
2293 2774 2349 2810 u.
2375 2774 2429 2811 c.
2462 2760 2593 2814 259.
2666 2756 2737 2813 de
2771 2757 2908 2813 Nat.
2950 2759 3023 2814 D.
3063 2766 3116 2826 2,
3157 2769 3212 2828 2,
3254 2768 3308 2819 6.
3365 2761 3519 2819 Ibid.

2216 2836 2271 2894 ὅ.
2318 2835 2374 2894 5.
2424 2842 2512 2889 11.
2558 2861 2633 2874 -
2669 2832 2716 2887 Il
2761 2832 2894 2906 lago
2939 2832 3169 2909 Regillo
3210 2835 3316 2893 dee
3357 2855 3523 2893 esser

2217 2905 2272 2961 lo
2313 2917 2505 2964 stesso
2558 2908 2665 2963 che
2718 2911 2856 2982 oggi
2900 2911 2951 2965 si
2992 2912 3221 2966 chiama
3263 2912 3520 2981 laghetto

2215 2981 2325 3036 alle
2364 2981 2555 3039 radici
2594 2984 2655 3039 di
2682 2983 2885 3040 Monte
2914 2983 3173 3043 Falcone
3214 3004 3427 3061 presso
3464 2987 3521 3044 la

2216 3058 2487 3112 calonna.
2572 3057 2774 3115 Micali
2814 3068 2868 3120 5.
2908 3079 2968 3135 p.
2996 3063 3087 3120 68.
3409 3064 3414 3069 ·

2289 3169 2626 3237 Rscxums,
2702 3190 2772 3228 co
2820 3190 3037 3229 nomen
3104 3173 3519 3232 Aemiliorum.

2215 3243 2456 3316 Quaero
2497 3249 2567 3302 de
2600 3247 2769 3322 Regil
2795 3267 2830 3303 o
2870 3246 2978 3323 (Μ.
3006 3249 3273 3318 Aemilii)
3310 3249 3525 3327 Lepidi

2213 3321 2521 3387 (consulis
2562 3341 2616 3379 a.
2661 3341 2719 3378 ιι.
2759 3342 2813 3379 c.
2857 3322 3011 3397 676.)
3061 3321 3221 3393 filio,
3278 3339 3522 3384 rectene

2215 3398 2584 3454 meminerim
2637 3409 2808 3474 patre
2860 3401 2999 3456 vivo
3036 3411 3366 3459 mortuum.
3448 3402 3523 3460 ad

2218 3475 2343 3528 Au.
2388 3479 2479 3542 12,
2526 3475 2619 3541 211,
2666 3482 2721 3532 2.

2290 3585 2555 3643 Raouios
2615 3607 2670 3642 a.
2716 3606 2774 3644 u.
2818 3608 2872 3644 c.
2926 3595 3055 3648 705.
3117 3592 3311 3648 infero
3369 3596 3524 3651 mari

2218 3673 2514 3735 praeerat.
2592 3662 2857 3739 Reginus
2912 3677 3041 3721 erat
3088 3674 3249 3723 totus
3294 3678 3521 3726 noster.

2216 3737 2290 3792 ad
2330 3740 2458 3796 Att.
2507 3746 2612 3805 10,
2660 3745 2763 3806 12,
2814 3752 2859 3797 1.
2921 3769 2982 3782 ·-
3045 3740 3319 3799 Corrado
3360 3745 3526 3800 vide·

2217 3825 2313 3868 tur
2365 3832 2498 3872 esse
2547 3813 2620 3870 L.
2670 3814 2966 3873 Minucius
3022 3815 3291 3885 Basilus,
3349 3839 3525 3897 quem

2217 3891 2331 3946 hoc
2384 3892 2650 3951 muneris
2705 3890 2982 3949 babuisse
3036 3896 3220 3952 tradit
3272 3894 3524 3953 Orosius

846 4042 981 4099 493·
1021 4071 1095 4086 -
1149 4040 1380 4098 Reatini
1434 4045 1584 4100 asini
1626 4047 1687 4100 in
1727 4042 1898 4101 Italia
1944 3984 2163 4098 nobiiiss
2216 3970 2286 4032 δ’
2336 3971 2424 4025 ¹⁵⁹

2293 4077 2533 4136 Renum
2561 4079 2797 4137 Larius.
2856 4080 2931 4137 ad
2958 4081 3120 4138 Fam.
3158 4089 3249 4148 11,
3283 4090 3338 4149 9,
3375 4092 3428 4139 2.
3454 4113 3525 4128 -

2221 4152 2735 4211 studiosissimum
2773 4159 2864 4212 rei
2893 4157 3182 4232 publicae.
3241 4158 3392 4215 Ibid.
3425 4166 3520 4224 12,

2219 4231 2275 4297 [1,
2319 4236 2374 4285 2.
2444 4231 2552 4286 Est
2591 4230 2737 4288 urbs
2779 4231 3008 4288 Galliae
3049 4233 3419 4308 Cispadanae
3459 4235 3524 4289 in

2224 4309 2314 4361 via
2358 4307 2642 4372 Aemilia3
2688 4325 2902 4363 nomen
2943 4308 3078 4364 tulit
3116 4327 3147 4364 a
3192 4307 3272 4365 M.
3316 4310 3522 4364 Aemi-

2221 4383 2298 4436 lio
2326 4380 2578 4455 Lepido,
2623 4385 2723 4457 qui
2763 4403 2897 4440 cum
2941 4383 3007 4441 C.
3042 4384 3335 4440 Flaminio
3374 4402 3525 4440 con-

2221 4456 2313 4510 sul
2369 4458 2481 4513 tuit
2542 4478 2596 4512 a.
2654 4477 2713 4514 u.
2768 4478 2819 4515 c.
2864 4464 2994 4518 567.
3058 4460 3230 4516 bodie
3284 4459 3522 4528 Reggio.

2221 4531 2461 4587 Rectius
2500 4542 2695 4588 autem
2734 4534 3020 4592 scribitur
3060 4534 3293 4604 Regium
3345 4552 3524 4610 quam

2220 4607 2504 4677 Rhegium.
2582 4608 2820 4665 Incolae
2884 4610 3087 4685 Regii,
3156 4608 3517 4685 Regienses,

2188 4693 2199 4751 ’Ἰ
2224 4683 2451 4756 Rbegss,
2499 4684 2770 4759 Rhegini.

2293 4796 2545 4852 Recuu.
2603 4796 2754 4853 Vide
2794 4799 2856 4853 in
2894 4798 3183 4854 Arruns
3224 4808 3282 4854 et
3321 4801 3382 4856 iu
3412 4799 3524 4856 Lt-

2196 4924 2199 4935 ,
2223 4889 2465 4929 vlumus.

2295 4986 2494 5044 Rama.
2575 4986 2929 5059 „Certabant
2966 4985 3252 5045 Romulus
3307 5001 3365 5047 et
3403 4989 3522 5047 Re-

2222 5083 2348 5119 mus
2368 5105 2383 5129 ,
2446 5063 2633 5117 urbem
2673 5063 2966 5116 Remamne
3004 5063 3302 5117 Romamne
3344 5085 3523 5120 voea-

2219 5142 2398 5195 rene.“
2450 5139 2706 5196 Ennius.
2789 5137 2861 5194 de
2903 5137 3107 5196 Divin.
3151 5147 3205 5209 1,
3247 5143 3344 5210 4⁸,
3389 5150 3521 5203 107.

2297 5252 2547 5313 Runa
2585 5252 2704 5311 lex.
2754 5270 2868 5331 pro
2889 5249 3033 5312 Sex.
3058 5251 3278 5314 Roscio
3305 5260 3400 5328 19,
3424 5257 3518 5320 55.
