4367 6084
498 639 562 704 llo
900 633 945 717 Q.
960 631 1142 700 Muclus
1165 630 1436 701 SCAEVOLA.

497 780 574 844 dora,
585 796 655 830 >crim
673 781 835 848 saepissime
854 776 906 828 ttbt
924 754 1043 828 senatui
1060 775 1152 828 brevi·
1180 775 1261 831 ferre
1280 773 1402 851 potest?
1422 785 1474 831 uttt
1493 776 1520 831 si
1539 775 1606 853 quis
1624 785 1748 852 potent,
1770 773 1846 853 quid

496 864 549 914 ter,
565 854 741 925 impoliteque
767 852 873 904 dicenti
898 857 1032 933 maximis
1053 859 1094 903 stt
1118 851 1152 903 de
1181 849 1210 908 id
1231 850 1268 908 ad
1288 853 1464 923 Augurem,
1531 852 1620 908 iiam
1639 863 1733 909 entes
1750 871 1848 928 prse-

496 931 578 984 κύω
596 946 737 982 aseensus.
775 928 903 1000 Impoltte
922 927 1014 1001 igitur
1034 924 1153 983 dicebat
1180 936 1229 982 tor
1243 927 1335 983 Asine
1353 926 1473 982 fuerat?
1528 944 1625 994 erum,
1648 930 1674 984 si
1695 927 1845 985 illamul-

495 1006 611 1081 Augur,
632 1020 739 1061 verum
760 1003 797 1071 is,
841 1003 871 1058 ui
883 1001 1028 1058 Rutilium
1048 1001 1152 1058 delen·
1180 1011 1276 1060 teram
1295 1002 1387 1058 Asiae
1412 1012 1587 1076 praeturam
1610 1021 1725 1080 urgere
1751 1001 1844 1061 unlu-

496 1079 549 1147 dit,
568 1080 664 1151 polite.
691 1021 843 1154 Numquid
863 1077 990 1152 amplius
1064 1095 1150 1132 eren·
1180 1096 1257 1146 mus,
1279 1095 1355 1154 qnae
1373 1077 1494 1134 tandem
1513 1079 1570 1135 fnit
1589 1096 1693 1146 censs,
1716 1097 1774 1137 cur
1792 1097 1844 1137 se·

496 1158 564 1213 dnm
585 1163 646 1219 est,
677 1165 711 1209 nt
730 1151 871 1210 Pnutilici
890 1171 970 1209 mox.
992 1152 1013 1208 il
1027 1171 1075 1209 orn
1096 1152 1148 1209 de·
1180 1164 1373 1217 natussum,
1399 1155 1450 1228 qui
1471 1153 1638 1211 octodecim
1657 1157 1751 1212 suuis
1772 1166 1844 1213 ente

495 1233 663 1290 sensionem
683 1227 878 1296 vindicemus,
900 1229 959 1284 nisi
978 1227 1035 1284 boc
1054 1228 1152 1301 negli·
1180 1228 1286 1285 consul
1305 1229 1413 1296 luerat,
1436 1230 1487 1305 qui
1506 1231 1565 1286 iam
1583 1232 1747 1304 superiore
1759 1250 1842 1288 anuo

495 1325 567 1386 gere
585 1304 747 1362 volumus?
770 1335 801 1346 -
830 1302 890 1361 Sed
911 1314 1042 1370 restent,
1074 1322 1150 1379 quse
1179 1303 1328 1375 confictus
1345 1313 1503 1371 senectute,
1527 1307 1715 1376 praepeditus
1732 1309 1844 1374 morbo,

494 1401 553 1441 nos
573 1391 696 1447 coeunt,
718 1391 756 1439 nt,
765 1399 833 1436 eum
847 1378 1060 1453 intelligamus.
1090 1379 1151 1436 Va·
1180 1399 1295 1432 mancias
1318 1389 1347 1432 st
1372 1381 1503 1432 membris
1527 1381 1655 1434 ommim
1674 1392 1783 1452 captus
1808 1401 1845 1437 ne

494 1459 562 1517 lerii
575 1430 699 1514 deimi
712 1458 932 1522 anctoritatem,
950 1455 986 1510 de
999 1474 1057 1530 qus
1073 1454 1151 1512 Cor·
1179 1457 1289 1522 destiti,
1309 1454 1408 1508 lasttlt
1425 1461 1512 1508 nixus
1531 1465 1559 1508 et
1578 1463 1669 1509 auten
1680 1465 1743 1510 vtm
1756 1468 1789 1511 et
1801 1465 1846 1512 tn·

493 1535 585 1593 rodus
606 1530 765 1598 dubitavit,
786 1535 854 1607 quia
877 1547 966 1604 saepe
981 1532 1104 1587 nomina
1121 1540 1152 1586 et
1172 1530 1347 1602 firmitatem
1364 1537 1493 1602 corporis
1511 1531 1543 1587 in
1579 1531 1774 1609 essequendo
1788 1532 1844 1590 Ss-

493 1612 629 1669 bornines
656 1605 831 1673 confundit,
859 1608 987 1681 primaru
1013 1624 1075 1663 nou
1103 1609 1150 1662 in·
1179 1609 1304 1664 turnino
1323 1607 1448 1661 ostendit
1468 1607 1537 1682 (pro
1557 1551 1663 1665 llabir.
1683 1608 1775 1684 perd.
1800 1617 1842 1680 7.)

483 1686 589 1755 ,ducos
621 1699 727 1739 verum
752 1684 779 1739 si
804 1682 924 1739 aliunde
951 1680 1068 1739 firmata
1091 1684 1150 1738 erit
1178 1701 1235 1757 pro
1256 1683 1380 1739 consule
1399 1683 1431 1738 iu
1444 1683 1548 1739 Asiam
1562 1685 1708 1752 mitteret,
1731 1684 1841 1747 dicatu.

493 1769 599 1819 nostre
620 1758 780 1844 sententia,
803 1774 839 1813 en
858 1775 977 1888 quopue
991 1760 1149 1814 veritatem
1179 1776 1217 1814 an
1243 1757 1412 1831 ablegaret,
1444 1775 1482 1813 ne
1502 1755 1615 1815 Romae
1640 1761 1840 1818 moreretur?

493 1853 604 1969 supere
624 1842 745 1908 poterit.
771 1851 838 1889 curn
858 1851 917 1909 quo

958 1851 1064 1890 rerum
1083 1852 1148 1889 esse
1177 1831 1348 1889 bellumne?
1369 1842 1400 1887 at
1418 1831 1523 1909 quod?
1543 1844 1595 1890 aut
1613 1837 1683 1910 quis
1704 1855 1841 1913 nnqnsru

493 1912 678 1976 viterimus,
707 1907 787 1964 idem
813 1910 845 1964 in
872 1907 972 1985 aliquo
997 1909 1149 1985 scriptore
1179 1906 1841 1986 Q.MncinmAugurernbelliealandeprse-

493 1985 1148 2121 il‘ililiidili'sslllibriilff‘rll
1176 1984 1465 2136 ftltttttttll
1490 1984 1841 2139 ilsslix‘itlississ

494 2137 533 2210 Q.
561 2135 711 2202 Mucium,
745 2135 795 2211 qui
828 2134 972 2192 Rutilium
1004 2136 1146 2205 defendit,
1176 2134 1250 2193 bat?
1286 2133 1363 2210 (cte.
1384 2134 1463 2191 Plut.
1527 2139 1631 2204 r-51.)
1666 2135 1705 2194 Si
1725 2136 1839 2195 bellurn

492 2213 584 2271 multa
611 2230 668 2287 pro
687 2209 831 2269 Asiaticis
852 2211 1021 2270 bominibus
1041 2221 1147 2268 contra
1177 2228 1273 2287 neque
1299 2211 1428 2284 gessisse
1455 2229 1550 2288 neque
1576 2212 1700 2269 sedasse
1730 2215 1840 2290 Angu-

493 2287 672 2366 publicnnos
691 2286 798 2342 fecisse
817 2284 943 2363 ideoque
965 2289 996 2343 in
1016 2288 1080 2343 eius
1093 2290 1148 2344 bo-
1177 2304 1251 2353 rem,
1273 2295 1324 2343 aut
1343 2303 1420 2353 euru,
1433 2289 1494 2363 ‘qui
1514 2287 1644 2361 praefuit
1656 2287 1766 2356 Asiae,
1789 2309 1841 2347 us·

492 2382 599 2422 norem
628 2361 727 2419 Mucia
759 2363 897 2418 instituta
930 2381 997 2419 esse
1030 2375 1149 2420 constet
1176 2380 1266 2438 quarn
1279 2361 1422 2418 traditum
1436 2373 1492 2428 est,
1506 2380 1602 2438 neque
1617 2362 1768 2422 credibile
1782 2378 1839 2433 est,

492 2440 562 2509 (cfr.
578 2437 667 2495 Diod.
685 2435 748 2494 Sic.
763 2436 883 2512 Fragm.
899 2437 968 2497 Lib.
983 2445 1031 2499 56.
1051 2439 1148 2496 Pseu·
1177 2437 1206 2494 id
1219 2439 1337 2513 Auguri
1355 2436 1564 2494 mundaturum
1577 2439 1671 2495 subse
1684 2453 1838 2508 senatun,

493 2516 636 2572 dosscon.
658 2512 748 2570 Verr.
771 2520 806 2578 2,
830 2520 875 2573 10.
897 2513 1000 2571 Divin.
1022 2522 1099 2581 tl),
1122 2517 1148 2572 is
1176 2515 1247 2589 grid
1267 2511 1388 2569 tandem
1407 2531 1474 2569 enm
1492 2516 1604 2580 movit,
1631 2526 1664 2571 ut
1686 2517 1770 2574 bnne
1791 2519 1840 2574 ri-

492 2603 591 2649 autem
621 2590 677 2645 tuit
706 2590 742 2661 Q.
764 2590 879 2642 Mucius
900 2590 935 2661 Q.
957 2591 988 2645 F.
1011 2592 1148 2644 Scaevola
1176 2607 1242 2645 runi
1262 2590 1420 2645 mitteret?
1443 2617 1474 2629 -
1497 2586 1594 2655 Socii,
1617 2591 1743 2665 opinor,
1765 2611 1842 2668 qne·

385 2718 389 2731 ,
491 2666 633 2737 Pouttfez
658 2684 758 2725 ωιτη·
783 2683 855 2720 nam
879 2683 917 2720 ex
942 2665 1029 2722 huius
1049 2667 1147 2723 edicto
1176 2664 1321 2721 rebantur
1348 2663 1383 2721 de
1409 2665 1567 2741 iniquitate
1586 2664 1837 2740 publicanorum.

491 2743 627 2801 Asiatico
659 2759 691 2797 se
723 2740 814 2795 multe
844 2743 1009 2816 sumpsisse
1038 2740 1147 2799 Cicero
1176 2740 1272 2798 -Ut
1292 2742 1443 2806 omittam,
1472 2738 1660 2797 afferendum
1682 2760 1749 2801 esse
1775 2744 1836 2800 sli-

491 2829 615 2895 praetor
641 2816 765 2873 Ciliciae
794 2815 902 2872 scribit
927 2816 1030 2872 Attico
1056 2816 1144 2888 (Lib.
1176 2816 1255 2891 qnod
1275 2825 1496 2891 argumentum,
1516 2819 1596 2872 uude
1615 2818 1691 2875 baec
1713 2821 1836 2875 miseri-

492 2903 527 2960 6,
551 2901 617 2961 1.),
648 2889 757 2968 quibus
786 2890 1015 2966 publicanorum
1040 2891 1145 2960 libido,
1175 2891 1278 2948 cordia
1297 2901 1419 2947 senatus
1439 2909 1511 2966 erga
1533 2893 1650 2960 socios,
1680 2893 1834 2971 equitibus

490 2972 599 3027 tectius
629 2967 747 3044 quidem
781 2986 870 3044 quarn
898 2966 999 3024 Bibuli
1031 2967 1145 3033 edicto,
1175 2965 1387 3033 indicantibus,
1409 2984 1504 3042 neque
1519 2965 1554 3025 C.
1569 2968 1714 3027 Graccho
1728 2989 1835 3028 eorum

491 3063 596 3102 rerum
617 3047 792 3099 co'e'rccstnr
813 3053 932 3110 tamen3
954 3062 1080 3121 cumque
1101 3045 1146 3100 di·
1173 3043 1324 3100 licentiam
1345 3045 1519 3107 coercente,
1547 3041 1635 3100 nubis
1662 3045 1831 3119 probetur-3

491 3132 540 3178 eat
560 3123 591 3176 in
612 3120 648 3175 iis
670 3123 759 3175 etiam
779 3118 851 3175 illud
871 3137 947 3186 esse,
972 3127 1002 3171 to
1021 3139 1074 3191 quo
1093 3121 1147 3171 sili
1172 3118 1244 3175 illud
1265 3136 1390 3195 quaero,
1412 3136 1468 3174 eur
1487 3118 1568 3175 huuc
1584 3119 1714 3176 debilem
1729 3141 1834 3179 senem

491 3205 623 3251 censeant
649 3196 751 3247 Graeci
779 3195 939 3247 libertatem
968 3195 1082 3260 datam,
1115 3206 1147 3248 ut
1173 3195 1273 3268 potins
1291 3212 1380 3270 quam
1393 3212 1485 3249 unum
1499 3214 1537 3250 ex
1550 3197 1746 3269 praetoribus
1758 3201 1833 3256 anui

491 3277 595 3328 Graeci
618 3276 694 3321 tuter
719 3289 748 3322 se
775 3270 931 3339 disceptent
948 3276 1007 3322 seris
1025 3272 1145 3340 legibus,
1173 3271 1349 3344 superioris,
1381 3288 1487 3325 uorum
1499 3271 1571 3327 baec
1582 3277 1745 3345 provincis
1754 3286 1833 3340 erat,

490 3349 640 3403 neminem
661 3343 752 3401 credo
773 3356 951 3419 negaturum
970 3347 1036 3402 veri
1050 3347 1147 3403 simil·
1173 3345 1330 3402 irriserint?
1358 3289 1393 3403 di
1412 3347 1443 3401 in
1463 3347 1509 3401 bis
1530 3349 1681 3404 nemiuem
1701 3367 1771 3405 esse
1786 3353 1834 3406 vi-

489 3422 594 3478 limum
614 3439 679 3476 esse
700 3421 730 3476 id
750 3421 850 3494 ipsum
869 3423 958 3477 etiam
978 3421 1035 3476 illis
1050 3423 1146 3478 bomi-
1172 3421 1290 3485 dernnt,
1311 3421 1363 3496 qui
1382 3440 1444 3476 non
1463 3420 1571 3496 dignus
1591 3424 1835 3497 repetundarum

490 3496 578 3555 nibus
592 3496 735 3552 Asiaticis
757 3506 843 3551 enter
864 3499 991 3551 maxime
1009 3498 1038 3552 in
1055 3515 1145 3552 cansa
1172 3497 1364 3553 accusatione
1384 3497 1537 3553 rediturus
1551 3509 1641 3565 esset,
1664 3501 1747 3577 quod
1762 3520 1835 3575 pro·

489 3573 600 3638 tuisse,
622 3582 655 3626 nt
675 3575 706 3628 in
727 3569 892 3627 Scaevolae
912 3573 1058 3628 bonorem
1079 3572 1146 3629 Mu-
1172 3570 1239 3627 bari
1258 3589 1347 3647 posse
1369 3591 1430 3628 nou
1451 3571 1553 3639 credo,
1578 3592 1635 3629 cnr
1654 3594 1720 3632 non
1740 3577 1835 3634 ulium

490 3650 535 3705 cia
563 3645 762 3704 celebrarent.
804 3645 871 3703 Huc
899 3648 1013 3703 accedit
1038 3658 1147 3719 tempus
1175 3648 1269 3704 virum
1290 3648 1481 3704 consulerem
1499 3648 1547 3704 vel
1566 3653 1755 3723 praetorium
1776 3655 1835 3708 rui-

490 3723 569 3780 illius
591 3731 767 3797 praeturae;
790 3741 859 3778 nam
879 3722 910 3777 in
927 3722 1054 3779 Diodori
1068 3724 1146 3780 Fra·
1172 3733 1289 3788 serunt,
1314 3726 1410 3779 sitinus
1426 3733 1521 3779 aetate
1535 3725 1729 3782 confectum?
1757 3728 1837 3784 Nul-

490 3801 617 3877 gmentis
649 3798 784 3854 narratio
816 3797 903 3853 buius
935 3799 979 3854 rei
1009 3802 1146 3874 sequitur
1173 3799 1232 3854 line
1252 3810 1339 3854 erent
1358 3818 1447 3873 pares
1470 3801 1641 3872 integritate
1667 3812 1761 3879 etque
1784 3807 1833 3860 iu-

489 3877 695 3932 narrationem
724 3872 760 3928 de
789 3872 827 3946 Q.
854 3872 965 3929 Metelli
991 3873 1145 3931 Numidici
1171 3874 1274 3930 stitia?
1314 3873 1348 3929 Id
1369 3874 1490 3951 quidem
1510 3893 1599 3948 nego.
1637 3876 1748 3935 Plures
1768 3889 1834 3937 turn

488 3950 697 4017 revocatione,
728 3950 779 4024 qni
800 3947 875 4004 ordo
896 3967 997 4005 rerum
1017 3949 1144 4005 demon·
1171 3959 1257 4005 erant
1277 3952 1360 4005 omni
1380 3952 1500 4006 virtutis
1520 3950 1608 4006 laude
1625 3971 1686 4008 non
1703 3955 1834 4011 iuferio-

488 4036 566 4084 strat
585 4034 655 4080 unte
675 4043 702 4080 a.
725 4043 755 4080 u.
777 4042 805 4080 e.
828 4028 895 4083 655.
917 4025 994 4081 bunc
1013 4026 1144 4101 legatio·
1171 4044 1220 4081 res
1230 4027 1365 4099 Augure.
1388 4024 1834 4098 M.Autoniumnounumero,

489 4120 557 4159 nent
579 4100 681 4157 Rutilii
703 4101 773 4175 poni
797 4118 858 4155 non
882 4119 981 4175 posse.
1006 4131 1037 4140 -
1060 4100 1144 4173 Quo·
1170 4103 1197 4156 si
1216 4101 1321 4157 eodem
1340 4112 1475 4174 tempore
1496 4103 1601 4158 consul
1615 4103 1688 4168 tutu
1712 4109 1760 4162 sin
1775 4126 1832 4162 su-

488 4177 578 4235 modo
598 4185 696 4232 autem
717 4174 783 4232 lieri
804 4185 913 4250 potest,
936 4187 967 4232 ut
981 4177 1037 4233 hoc
1052 4195 1143 4240 annu,
1170 4187 1229 4242 tea,
1253 4177 1455 4233 nutrierandus
1473 4187 1534 4242 est;
1557 4177 1591 4234 C.
1607 4178 1733 4238 Florius
1746 4182 1833 4239 Fim-

488 4273 527 4313 ne
554 4254 650 4309 diram
677 4253 846 4327 posteriorc
873 4251 991 4327 aliquo,
1020 4261 1144 4327 praetor
1170 4249 1234 4307 brie
1259 4261 1322 4307 tum
1350 4261 1414 4307 erut
1444 4254 1553 4308 virtute
1583 4258 1676 4311 enimi
1706 4268 1738 4314 et
1766 4261 1830 4313 rita

487 4331 578 4387 luerit
589 4329 717 4400 Atrgurl
738 4326 823 4386 Unde
834 4327 911 4383 hane
922 4329 1046 4384 alteram
1059 4346 1144 4402 prae·
1169 4324 1344 4393 laudabilis3
1359 4346 1397 4382 ne
1411 4346 1479 4384 curn
1492 4327 1611 4405 quidem
1623 4349 1830 4398 numeremus,

488 4417 585 4463 turam
607 4405 772 4460 Asiaticam
791 4404 819 4458 ei
839 4402 979 4459 collatam
999 4422 1064 4460 esse
1087 4423 1144 4479 pu-
1169 4405 1238 4479 quia
1260 4405 1421 4469 nescimus,
1444 4422 1502 4480 qua
1517 4405 1690 4462 valetudiue
1705 4418 1767 4464 turn
1780 4410 1832 4464 fu-

487 4481 609 4538 temus?
635 4498 704 4535 narn
726 4478 773 4536 illa
795 4479 934 4553 superior
954 4481 1060 4555 negari
1081 4499 1148 4540 uon,
1170 4481 1228 4534 erit
1240 4496 1344 4543 senex,
1359 4479 1423 4535 fere
1437 4479 1571 4555 aequalis
1581 4481 1720 4558 Argiui:
1742 4494 1833 4541 eruut

488 4567 597 4633 potest.
636 4554 710 4612 Cum
730 4554 886 4611 Ciceronis
906 4564 1048 4629 praetura
1068 4555 1143 4611 Cili·
1170 4557 1233 4629 ipse
1254 4554 1400 4621 Rutilius,
1432 4558 1518 4612 ruins
1543 4554 1720 4614 firmitatem
1741 4562 1834 4616 nosi-

488 4636 553 4690 ciae
580 4651 613 4688 ea
641 4631 812 4705 comparari
838 4632 958 4706 nequit;
987 4632 1036 4688 illa
1063 4633 1142 4687 enirn
1170 4648 1251 4696 mus,
1281 4648 1348 4685 curn
1374 4630 1490 4706 legatus
1517 4629 1672 4705 proticisci
1694 4639 1835 4708 potnerit

488 4709 544 4765 fnit
564 4727 601 4764 ex
620 4718 741 4763 senatus
763 4706 919 4773 consulto,
941 4725 1001 4781 quo
1022 4717 1142 4763 cantum
1170 4705 1338 4781 multusque
1367 4725 1464 4763 annos
1493 4716 1596 4781 postea
1624 4712 1758 4779 vixerit;
1791 4711 1832 4784 Q.

487 4793 548 4848 est,
571 4802 608 4839 ne
629 4785 696 4860 quis
716 4783 901 4848 consularis,
932 4783 1142 4855 praetoriusve
1168 4781 1307 4837 Lutatius
1328 4779 1471 4848 Catulus,
1493 4785 1646 4857 specimen
1668 4788 1836 4861 integritu-

487 4859 567 4914 intra
583 4858 860 4935 quinquenninrnin
871 4860 1061 4931 provinciam
1072 4860 1140 4923 iret,
1169 4859 1207 4913 tis
1236 4868 1266 4912 et
1295 4859 1428 4913 omniurn
1453 4858 1615 4926 virtutum,
1648 4880 1710 4937 quo
1743 4882 1834 4920 nemo

488 4951 546 5008 qna
566 4932 602 4989 de
622 4952 711 4990 causa
733 4935 770 4989 iis
784 4932 995 4989 consularibus
1010 4942 1039 4988 et
1052 4951 1143 5006 prae·
1170 4936 1372 5008 praestantior
1386 4934 1458 4999 luit3
1479 4934 1515 4989 L.
1532 4934 1673 4993 Valerius
1686 4936 1832 5006 Flaccus,

486 5009 592 5075 toriis,
614 5012 679 5084 qni,
700 5010 788 5065 sicuti
809 5009 934 5074 Cicero,
958 5007 1091 5063 nondum
1111 5011 1141 5065 in
1168 5013 1326 5084 superiore
1346 5027 1426 5064 enno
1446 5009 1563 5071 consul.
1585 5022 1657 5085 post
1670 5030 1787 5071 censor
1802 5027 1834 5073 et

486 5085 662 5159 provincius
688 5085 825 5150 iverunt,
853 5095 918 5140 tum
944 5085 1083 5153 ianrnon
1103 5082 1142 5140 li·
1190 5088 1313 5159 rinceps
1333 5095 1472 5149 senatus,
1496 5084 1533 5157 Q.
1547 5084 1697 5144 Caecilius
1721 5090 1833 5148 Metel·

487 5154 573 5213 eebut
592 5161 779 5232 provinciam
798 5176 952 5216 recusare.
987 5157 1063 5230 Quis
1083 5161 1142 5216 tale
1168 5103 1213 5216 lus
1227 5160 1339 5234 Nepos,
1360 5160 1396 5216 T.
1412 5160 1530 5228 Didius,
1549 5163 1610 5218 nisi
1623 5162 1731 5221 cudero
1746 5184 1831 5223 anuo

487 5241 610 5290 metus
623 5232 794 5291 consultum
809 5252 848 5292 ex
861 5234 913 5292 illo
925 5243 1061 5310 tempore
1071 5254 1143 5312 pru·
1168 5235 1308 5293 oonsdes
1327 5237 1459 5305 luerunt,
1480 5236 1516 5295 P.
1532 5237 1671 5297 Licinius
1684 5239 1830 5300 Granum
