4367 6084
423 614 485 689 l08
824 621 868 702 Q.
886 619 1065 688 MUClUS
1089 618 1356 687 SCAEVOLA.

420 767 539 822 ctrinae
563 773 609 820 est
638 762 807 820 diversitas.
850 762 976 819 Asconii
1003 760 1075 818 tides
1105 780 1187 827 rani,
1209 759 1252 817 Μ.
1272 760 1431 816 Aemilium
1453 757 1620 826 Scaurum,
1643 758 1768 835 priuci-

419 839 559 915 probata,
585 841 653 895 huic
675 839 835 913 interpreti
855 849 941 895 cante
960 849 1075 893 tantum
1107 857 1172 912 pem
1193 847 1327 902 senatus,
1350 838 1400 912 qui
1421 853 1489 891 cum
1509 854 1590 892 anno
1603 855 1633 891 u.
1652 854 1683 892 c.
1698 840 1768 894 639.

420 911 603 972 credendum
623 924 679 984 est,
705 918 762 971 nisi
781 931 848 969 cum
865 916 933 971 viro
952 911 989 969 ab
1010 912 1075 968 aliis
1105 913 1211 969 consul
1232 913 1348 976 fuisset,
1371 930 1451 966 anno
1464 914 1532 970 615.
1554 929 1622 967 cum
1636 910 1676 967 L.
1693 910 1769 969 Cal-

418 990 539 1047 laudato
565 989 717 1046 interdum
739 1007 843 1044 errare
866 989 951 1047 velis.
988 987 1075 1046 Hanc
1106 990 1215 1062 purnio
1231 986 1330 1043 Bestia
1351 986 1466 1060 legatus
1488 988 1523 1042 in¹
1534 987 1671 1043 Africam
1690 1005 1769 1060 prn-

418 1083 514 1122 meam
535 1068 715 1121 sententiam
735 1064 901 1121 acutissimi
916 1061 1074 1121 Niebubrii
1105 1067 1200 1120 fectus
1218 1074 1273 1118 est.
1302 1062 1406 1137 Neque
1427 1062 1533 1120 idonea
1556 1081 1648 1118 causa
1670 1062 1769 1118 defuit

422 1144 586 1197 auctoritas
606 1139 717 1204 firmae,
740 1157 827 1216 quem
846 1142 923 1196 idem
943 1141 1075 1196 sensisse
1105 1140 1143 1212 Q.
1163 1140 1264 1196 Mucio
1285 1136 1426 1193 Rutilium
1446 1136 1505 1193 sibi
1526 1139 1656 1213 legatum
1678 1157 1695 1192 a
1716 1156 1771 1195 se-

421 1216 510 1273 video
531 1217 642 1290 (Praei.
658 1215 693 1271 ad
705 1215 809 1271 Front.
824 1234 853 1290 p.
865 1213 1025 1287 XXXIV.)
1042 1243 1072 1254 -
1105 1228 1176 1273 natu
1197 1215 1373 1288 expetendi;
1389 1214 1524 1269 amicum
1543 1223 1583 1281 et,
1605 1231 1666 1289 qno
1687 1232 1768 1288 opus

420 1291 491 1348 Fuit
507 1293 599 1366 igitur
613 1292 647 1348 P.
663 1290 791 1347 Rutilius
805 1291 919 1360 legatus
933 1289 971 1362 Q.
985 1289 1074 1346 Mucii
1105 1300 1170 1347 erat
1184 1291 1220 1347 ad
1236 1290 1276 1355 id,
1300 1289 1378 1365 (quod
1393 1287 1450 1344 sibi
1464 1298 1678 1364 proposuerat,
1694 1308 1770 1364 per-

418 1375 565 1439 praetori's
582 1387 637 1438 pro
656 1370 776 1420 connita.
804 1364 863 1422 Sed
883 1365 948 1441 quis
969 1368 1075 1420 estbic
1105 1366 1287 1430 ficiendum,
1324 1367 1488 1438 optimum,
1525 1366 1767 1435 sanctissimum,

420 1443 457 1514 Q.
472 1444 607 1495 Mau-ins?
642 1442 709 1497 Duo
730 1443 780 1498 illo
801 1453 935 1516 tempore
955 1443 1075 1498 luerunt
1105 1443 1299 1498 iustissimum
1319 1440 1377 1496 sibi
1397 1442 1552 1516 expetivit.
1581 1440 1767 1514 (cronico.

420 1518 624 1579 bonnoniine.
641 1522 841 1585 nonmagna,
859 1518 1076 1593 ‹ptiestQuiuti
1106 1519 1169 1574 Sic.
1192 1517 1211 1573 Ι.
1234 1517 1269 1583 Ι.)
1295 1546 1332 1559 -
1359 1516 1417 1572 Hic
1440 1516 1568 1572 fortasse
1589 1516 1663 1571 mibi
1686 1516 1771 1573 dicet

419 1591 500 1650 filius
522 1595 589 1663 (cfr.
608 1593 691 1649 Fasti
710 1593 807 1666 Capit.
828 1592 900 1669 ibiq.
919 1591 1075 1668 Sigania
1105 1594 1234 1670 aliquis:
1269 1602 1298 1647 at
1328 1593 1354 1647 si
1382 1591 1535 1648 Diodorus
1565 1609 1618 1646 eos
1650 1592 1768 1649 arnicas

409 1667 501 1743 opp.
524 1688 604 1725 ntnn.
627 1669 684 1724 Ed.
707 1667 828 1727 lllediol.
851 1688 880 1744 p.
903 1673 940 1729 26
953 1681 981 1724 et
995 1669 1072 1734 110),
1105 1671 1196 1726 fnisse
1226 1678 1352 1730 narrat,
1387 1669 1451 1723 aeri
1484 1666 1613 1722 similius
1645 1668 1769 1723 videtur

421 1744 496 1802 alter
514 1743 653 1814 Pontifex
673 1750 829 1807 iunximus,
850 1745 899 1819 qui
921 1754 966 1798 est
986 1745 1077 1796 Publii
1107 1748 1253 1814 Augurem
1281 1742 1428 1816 iutelligi;
1463 1761 1531 1797 nam
1560 1759 1628 1797 eum
1661 1742 1770 1799 Rutilii

420 1817 509 1877 tilius.
530 1820 607 1889 (Cfr.
619 1819 700 1875 Fasti
712 1819 786 1894 Cap.
802 1817 845 1876 lb.
858 1839 886 1893 p.
900 1825 961 1887 27.)
989 1818 1077 1877 Uter·
1106 1821 1234 1875 anticum
1260 1818 1352 1873 fuisse
1379 1818 1536 1875 Ciceronis
1567 1816 1638 1873 libri
1669 1819 1707 1874 de
1734 1838 1770 1874 re

443 1914 479 1952 ue
498 1897 587 1951 Asiae
609 1897 748 1969 praefuit,
771 1914 839 1949 nam
859 1894 937 1968 apud
956 1893 1020 1950 Cic.
1040 1893 1076 1948 de
1106 1894 1225 1970 publica
1246 1893 1366 1960 docent,
1389 1904 1433 1957 et,
1455 1911 1524 1948 coin
1544 1894 1607 1948 eius
1627 1895 1769 1970 aequalis

421 1914 475 2029 δι’.
496 1978 529 2036 1,
554 1979 598 2030 17.
630 1969 694 2044 ipse
719 1968 756 2040 Q.
779 1968 896 2026 blueius
918 1970 1024 2040 Augur
1045 1987 1076 2023 se
1107 1981 1200 2037 esset,
1235 1972 1259 2025 is
1290 1972 1388 2043 potius
1418 1969 1524 2024 Rutilii
1553 1972 1670 2026 amicus
1702 1987 1769 2026 esse

443 2057 593 2102 raetorem
610 2044 709 2100 libodi
728 2045 820 2100 fuisse
839 2044 920 2100 dicit.
951 2045 987 2116 Q.
1005 2062 1076 2098 vero
1106 2048 1204 2120 potnit
1224 2062 1323 2121 quana
1346 2047 1396 2119 qui
1416 2046 1538 2100 circiter
1552 2046 1662 2118 uiginti
1678 2049 1771 2101 annis

454 2123 553 2177 ucium
567 2121 676 2176 l'ontif.
698 2129 776 2174 max.
800 2122 889 2176 Asiae
911 2121 1076 2194 praefuisse
1108 2124 1206 2177 tiiinor
1225 2121 1291 2184 fnit,
1314 2121 1454 2176 Pontifex
1475 2136 1553 2174 ntax.
1574 2150 1609 2163 -
1629 2121 1700 2177 Hoc
1719 2124 1772 2197 qni

423 2196 550 2268 legimns
578 2196 656 2270 apud
676 2195 740 2252 Cic.
763 2195 800 2251 ad
819 2198 882 2251 Au.
902 2200 936 2261 6,
960 2205 987 2252 1.
1026 2195 1077 2251 Ille
1108 2197 1196 2262 dicet,
1217 2199 1245 2251 ei
1266 2198 1306 2252 ita
1326 2194 1534 2270 respondebo=
1556 2195 1626 2250 lure
1645 2198 1772 2273 quidem

419 2283 544 2346 praetor
563 2271 655 2326 fuisse
677 2271 795 2326 videtur
815 2290 842 2325 a.
859 2289 888 2325 n.
906 2291 932 2326 c.
948 2273 1005 2330 651
1025 2279 1078 2324 aut
1108 2275 1183 2328 dicis
1210 2272 1323 2327 aiiticos
1351 2282 1380 2326 ct
1407 2269 1544 2347 aequales
1564 2271 1660 2327 fnisse
1683 2273 1773 2328 linti-

422 2353 506 2413 655..
533 2346 632 2420 paullo
653 2357 721 2421 post
741 2345 774 2403 C.
798 2346 929 2402 Gracchi
950 2345 1076 2401 interfe-
1107 2348 1179 2404 lium
1200 2356 1229 2401 et
1248 2348 1418 2418 Augurem,
1445 2363 1622 2423 ‹quartiquam
1647 2367 1769 2415 omnes,

422 2425 569 2485 ctionem,
592 2440 651 2496 quo
671 2432 807 2496 tempore
827 2440 935 2478 recens
954 2421 1010 2477 fnit
1028 2423 1078 2476 in·
1108 2441 1183 2499 quos
1204 2421 1341 2496 equidem
1362 2423 1450 2488 novi,
1473 2424 1530 2476 viri
1551 2421 1633 2477 docti
1656 2435 1774 2498 negant

421 2496 505 2573 digni
526 2496 605 2552 illius
626 2497 770 2553 facinoris
793 2496 979 2574 Septimuleii
1000 2499 1079 2552 invi·
1108 2497 1334 2572 aequalitatem,
1364 2502 1575 2572 Augurcmque
1601 2498 1668 2555 fere
1699 2509 1772 2555 octo

421 2572 481 2640 dia,
502 2591 627 2648 eumque
648 2571 800 2647 significat
813 2573 846 2630 C.
860 2573 951 2630 lulius
966 2572 1078 2629 Caesar
1108 2576 1194 2630 annis
1212 2575 1359 2628 minorem
1376 2572 1489 2629 Rutilio
1506 2573 1631 2637 faciunt,
1650 2575 1704 2631 sed
1719 2593 1773 2630 cr-

421 2647 533 2706 Strabo
555 2648 633 2722 apud
656 2648 720 2704 Cic.
739 2649 775 2703 de
795 2647 851 2704 Or.
877 2656 908 2714 2,
928 2654 975 2707 67.
1006 2647 1079 2703 Post
1108 2658 1178 2705 rant
1195 2647 1247 2704 illi.
1284 2648 1387 2724 Neque
1408 2657 1508 2703 tamen
1521 2647 1664 2706 Pontifici
1684 2669 1768 2705 max.

421 2727 486 2780 eius
509 2725 698 2780 consulatum
719 2724 815 2789 illam,
840 2725 875 2779 de
896 2743 953 2799 qua
972 2725 1035 2797 ipse
1050 2734 1078 2778 et
1109 2728 1206 2780 minus
1223 2742 1312 2798 quam
1327 2725 1442 2798 Augnri
1458 2725 1586 2779 amicum
1601 2725 1694 2781 fuisse
1705 2725 1770 2781 tta·

422 2799 771 2876 C.Iuliusloquuntn1·,
795 2800 885 2855 Asiae
905 2811 1078 2874 praeturam
1107 2801 1202 2855 tilium
1223 2811 1305 2872 pnt03
1329 2819 1397 2854 narn
1418 2818 1486 2855 cum
1507 2799 1678 2856 minoribus
1695 2812 1771 2856 natu

422 2880 494 2951 poni
526 2895 585 2931 non
617 2894 705 2951 posse
736 2876 944 2931 demonstrant
969 2873 1079 2930 Lucilii
1108 2876 1255 2931 amicitias
1278 2875 1528 2948 gerere.didicit,
1557 2892 1625 2932 cuin
1648 2878 1714 2952 ipse
1735 2876 1772 2932 C.

422 2952 515 3008 verba
542 2952 621 3027 apud
643 2951 706 3008 Cic.
733 2952 768 3006 de
789 2951 877 3006 Finn.
901 2958 933 3016 1,
955 2955 1000 3017 5.,
1027 2948 1078 3005 ubi
1108 2951 1210 3006 Laelio
1223 2948 1358 3024 Sapienti
1373 2951 1497 3006 circiter
1511 2952 1619 3022 viginti
1633 2955 1772 3027 quinque

424 3046 545 3095 cansam
572 3028 797 3082 inimicitiarum
825 3030 902 3082 inter
926 3027 1079 3099 Augurem
1109 3043 1203 3081 annos
1216 3026 1322 3080 ittaiori
1333 3045 1422 3081 carus
1435 3036 1525 3089 esset,
1541 3044 1607 3080 cum
1619 3046 1689 3082 enin
1701 3027 1774 3084 Sci·

423 3112 453 3160 et
469 3104 505 3160 Τ.
523 3101 683 3158 Albucium
702 3103 804 3157 refert.
838 3101 982 3157 Albucius
999 3101 1078 3155 enim
1110 3103 1159 3176 pio
1180 3102 1376 3165 Aemilianus,
1400 3101 1433 3157 P.
1450 3101 1559 3156 Furius
1574 3102 1691 3166 Philus,
1716 3103 1769 3158 Μ’.

424 3178 601 3234 adolescens
617 3179 673 3233 fuit
686 3179 813 3232 Atbenis
832 3179 899 3241 (cfr.
914 3177 977 3232 Cic.
992 3177 1077 3232 Brut.
1110 3175 1249 3234 Manilius
1270 3188 1405 3233 amarent
1425 3177 1500 3249 (cfr.
1521 3177 1585 3233 Cic.
1608 3178 1695 3234 Lael.
1723 3186 1772 3238 27.

423 3255 503 3328 55.),
526 3271 670 3328 quocum
690 3265 813 3327 praetor
835 3253 872 3323 Q.
892 3252 1009 3308 Mucius
1029 3269 1080 3306 ve·
1110 3254 1153 3309 De
1174 3271 1208 3307 re
1229 3251 1337 3326 publ),
1360 3272 1426 3308 cnm
1448 3255 1511 3307 eius
1533 3253 1773 3309 adolescentiam

423 3332 536 3393 nisset,
564 3327 672 3403 illeque
695 3347 777 3383 more
799 3328 933 3383 Romano
952 3328 993 3385 'ad
1014 3345 1080 3382 cum
1110 3330 1146 3383 ad
1168 3332 1342 3402 opinionem
1362 3340 1391 3383 et
1412 3329 1602 3384 innocentiae
1624 3339 1655 3383 et
1676 3331 1773 3384 inris-

424 3404 573 3461 salutandi
586 3423 674 3458 causa
687 3405 873 3468 accessisset,
887 3403 1015 3468 Mucius,
1030 3403 1080 3476 qui
1111 3406 1237 3478 peritiae
1257 3403 1481 3459 continendaret
1501 3404 1606 3458 doatus
1623 3404 1659 3459 P.
1677 3404 1774 3461 Mucii

424 3482 575 3536 bominem
586 3478 718 3552 linguam
729 3478 867 3533 Latinam
881 3479 1081 3535 fastidientem
1109 3479 1187 3547 (Cic.
1204 3479 1240 3534 de
1255 3477 1315 3534 Off.
1330 3496 1357 3545 z,
1375 3483 1445 3544 lb),
1468 3482 1553 3534 cuins
1566 3477 1629 3535 lilio
1644 3478 1684 3551 Q.
1702 3479 1773 3536 ,ttu-

424 3555 526 3612 ridere
538 3553 635 3620 vellet,
651 3573 709 3609 non
723 3554 819 3610 solum
833 3557 896 3627 ipse
909 3553 1081 3611 euntGrae-
1111 3557 1158 3610 cio
1179 3555 1289 3612 Pontis.
1312 3574 1406 3621 max,
1440 3557 1505 3610 viro
1525 3556 1773 3611 moderatissimo

425 3649 459 3686 ce
474 3630 626 3696 salutavit,
644 3630 695 3686 sed
713 3632 800 3685 ctiam
818 3638 910 3685 totam
927 3631 1081 3685 cohortem
1111 3641 1140 3685 et
1160 3632 1395 3705 prudentissimo
1414 3641 1444 3686 et
1463 3631 1655 3686 sanctissimo
1683 3631 1771 3697 (Cic.

425 3708 512 3762 iussit
534 3723 599 3759 euin
615 3705 730 3761 Graece
749 3705 890 3760 salutare.
921 3706 988 3778 Quo
1004 3705 1081 3760 facto
1112 3709 1147 3760 de
1166 3706 1233 3761 Nat.
1256 3705 1292 3760 D.
1313 3710 1347 3771 3,
1370 3711 1415 3764 52.
1453 3705 1490 3761 de
1510 3705 1570 3761 Off.
1595 3714 1628 3769 2.
1650 3711 1681 3766 6.
1712 3726 1773 3781 pro

425 3791 541 3837 tantum
560 3780 616 3837 sibi
631 3782 729 3836 odium
745 3780 867 3836 Albucii
885 3785 1036 3844 excitavit,
1051 3787 1083 3833 ut
1113 3782 1200 3837 Rosc.
1223 3782 1290 3835 Am.
1314 3781 1371 3853 te.)
1393 3783 1451 3836 nisi
1472 3783 1672 3854 amicissimus
1694 3781 1774 3851 fnis—

425 3857 462 3913 ab
487 3875 521 3911 eo
542 3866 646 3929 postea
666 3857 902 3930 repetundarum
923 3874 1083 3913 accusare·
1112 3869 1157 3913 set
1178 3860 1213 3923 is,
1236 3859 1287 3931 qni
1308 3859 1370 3911 eius
1392 3859 1470 3931 patri
1491 3867 1606 3912 tantum
1627 3856 1774 3923 debebat,

426 3943 476 3989 tur
495 3932 564 4006 (cfr.
587 3930 650 3990 Cic.
671 3932 756 3988 Brut.
780 3940 843 3999 96„
872 3929 922 3988 ubi
945 3935 1009 3987 iure
1029 3949 1082 4002 pro
1114 3934 1777 4004 noninnocentissimus,integerrimus,san·

425 4028 455 4060 se
486 4018 639 4081 receptum
669 4026 733 4064 csse
764 4008 924 4081 praecipue
952 4005 1083 4063 ostendit
1112 4007 1777 4081 ctissimns,fuissetingratissimns.—an·

426 4084 489 4141 Cic.
505 4084 540 4138 de
555 4083 640 4137 Orat.
657 4090 684 4145 2.
703 4085 763 4155 70.)
785 4083 970 4138 Adolescens
985 4090 1082 4137 autem
1112 4083 1168 4138 lam
1190 4084 1282 4158 igitur
1302 4086 1398 4139 adhuc
1413 4083 1541 4138 vidimus
1556 4101 1622 4139 esse
1636 4102 1776 4148 cansam,

426 4161 482 4217 fnit
503 4158 648 4214 Albucius
670 4158 719 4213 illo
740 4168 886 4232 tempore,
914 4177 973 4234 quo
993 4175 1083 4232 prae·
1113 4178 1168 4216 cur
1189 4161 1341 4232 Augurem
1363 4162 1460 4233 potius
1482 4179 1569 4232 (pram
1590 4157 1777 4215 Pontificem

426 4247 524 4292 torem
550 4236 641 4289 fuisse
666 4234 973 4307 lllnciumAngurem
1002 4234 1081 4299 dixi;
1114 4253 1191 4289 max.
1203 4234 1413 4309 intelligamus.
1437 4234 1775 4310 UterqueAsiaeprae·

427 4330 497 4369 nam
517 4312 689 4385 praetorius
709 4310 943 4383 repetundarum
958 4328 995 4368 ex
1009 4309 1084 4365 Sar·
1112 4311 1322 4386 fuit,‚uterqne
1345 4310 1456 4379 Rutilio
1476 4314 1591 4366 armeus
1611 4322 1690 4366 erat.
1727 4307 1773 4374 Si,

429 4388 511 4443 dinis
532 4387 689 4440 damnatus
711 4397 755 4440 est
776 4389 856 4440 circa
878 4405 904 4440 a.
923 4404 953 4440 u.
973 4404 1000 4441 c.
1016 4388 1081 4443 650.
1136 4385 1193 4441 uod
1214 4384 1256 4440 illi
1277 4396 1373 4440 aetate
1397 4390 1522 4460 propior
1540 4396 1606 4440 erat
1627 4384 1771 4450 Rutilius,
1792 4407 1798 4413 ·

427 4463 502 4520 Post
516 4472 651 4518 exactam
666 4462 757 4534 igitur
774 4463 836 4516 eius
851 4460 1084 4518 adolescentiam
1113 4406 1196 4517 lllum
1217 4461 1315 4534 potius
1337 4462 1503 4535 intelligere
1523 4461 1681 4526 volniuus,
1702 4463 1775 4517 binc

428 4539 477 4596 illa
492 4541 623 4613 Auguris
645 4547 785 4612 praetura
806 4538 956 4610 poni'non
972 4547 1083 4612 potest,
1114 4540 1209 4592 artior
1239 4549 1382 4610 paternae
1415 4540 1562 4593 auncitiae
1593 4541 1776 4594 coniunctio

428 4614 539 4672 nedum
570 4624 636 4688 post
666 4616 728 4667 eius
758 4612 994 4678 damnationem,
1026 4630 1084 4687 equo
1114 4615 1246 4688 satisque
1268 4614 1344 4665 insta
1365 4630 1454 4667 carisa
1477 4614 1544 4669 talis
1566 4612 1654 4684 legati
1678 4631 1777 4687 expe-

428 4702 564 4764 tempore
586 4708 622 4744 ne
643 4690 814 4745 inimicitias
838 4687 959 4763 quidem
980 4705 1084 4761 gerere
1115 4689 1195 4744 tendi
1216 4688 1306 4751 facit,
1337 4698 1369 4742 ut
1393 4690 1423 4743 in
1445 4688 1569 4743 alteram
1590 4693 1777 4752 sententiam

450 4775 579 4821 oterant.
603 4794 634 4803 -
656 4764 810 4821 Corradus
826 4775 928 4818 censet
942 4764 1085 4820 Rutilium
1116 4765 1209 4835 tnagis
1224 4763 1414 4818 inclinemus.
1442 4764 1513 4819 Veri
1530 4764 1657 4819 similius
1673 4775 1778 4820 autem

428 4785 585 4897 Pontificis
615 4859 692 4895 max.
714 4840 843 4912 legatum
869 4839 918 4895 vel
944 4851 1085 4913 quaesto·
1114 4837 1290 4896 Pontificem
1317 4858 1396 4894 max.
1425 4838 1592 4911 significari
1621 4859 1717 4895 unum
1739 4860 1779 4895 ex

428 4934 493 4972 rein
508 4919 599 4990 (hunc
613 4917 671 4971 iam
687 4919 858 4981 reiecimus)
877 4933 936 4969 non
952 4917 1085 4987 potuisse
1116 4919 1151 4971 iis
1173 4918 1374 4987 argumentis,
1402 4934 1476 4989 quae
1496 4935 1553 4989 pro
1574 4934 1629 4970 sua
1649 4927 1780 4972 scruten-

429 4989 497 5048 lleri
514 5011 566 5062 per
581 4999 725 5061 attritasque
742 5000 874 5043 aetatem.
902 4989 1001 5045 Aliter
1014 5007 1085 5044 sen·
1113 4995 1154 5045 tia
1171 4991 1325 5047 Corradus
1340 4992 1448 5055 attulit,
1467 5009 1522 5047 nos
1537 4992 1647 5046 docere
1661 5001 1777 5065 potest.

430 5068 491 5133 tio;
514 5085 581 5120 nam
602 5085 690 5140 saepe
706 5068 834 5122 maiores
849 5075 921 5120 natu
936 5067 1085 5120 minorum
1113 5066 1191 5122 Nam
1211 5067 1290 5142 quod
1305 5067 1378 5123 dicit
1392 5067 1575 5122 defensionis
1590 5066 1780 5142 descriptio-

430 5141 545 5213 legatos
566 5141 658 5198 fuisse
680 5153 782 5197 notum
802 5151 856 5196 est.
898 5140 997 5197 Unum
1017 5151 1085 5195 tan·
1107 5161 1182 5212 'nem
1211 5144 1306 5215 magis
1336 5142 1453 5217 Augnri
1483 5145 1651 5199 convenire
1685 5161 1779 5221 quam

428 5225 493 5271 tuin
519 5214 607 5290 idque
632 5219 804 5290 proximum
824 5216 992 5290 exemplum
1011 5213 1085 5271 afl'ea
1113 5215 1255 5274 Pontifici
1275 5237 1368 5298 max„
1390 5218 1420 5275 id
1437 5236 1523 5275 secas
1537 5237 1569 5275 se
1585 5218 1686 5276 habeti
1715 5218 1780 5275 na·
