4367 6084
991 681 1074 745 82

997 814 1009 827 “
1068 821 1135 880 C.
1204 821 1398 876 Anus
1465 819 1780 894 Pelignus,
1855 818 2294 892 Pompeianus,

991 897 1336 960 Sulmonem
1375 894 1649 962 tenebat3
1695 893 2127 951 Sulmonenses
2155 913 2302 968 por-

992 983 1084 1029 tas
1160 972 1243 1029 M.
1322 971 1592 1028 Antonio
1656 981 2055 1046 aperuerunt:
2125 971 2302 1025 Atius

988 1050 1062 1104 de
1107 1067 1278 1103 muro
1332 1066 1395 1102 se
1454 1047 1685 1103 deiecit.
1766 1047 1906 1120 Ipso
1946 1054 2186 1120 petente
2230 1043 2301 1099 ad

992 1123 1313 1180 Caesarem
1344 1123 1636 1179 mittitur:
1683 1123 1777 1178 bic
1821 1121 2178 1177 incolumem
2219 1119 2304 1174 di·

989 1200 1175 1256 misit.
1233 1199 1457 1256 Caesar
1500 1199 1628 1257 Civ.
1671 1207 1728 1263 1,
1777 1204 1868 1258 18.
1919 1227 1978 1236 -
2024 1197 2092 1254 C.
2125 1197 2303 1252 Atius

991 1274 1274 1350 Pelignus
1356 1273 1640 1331 Sulmone
1723 1274 1958 1347 aperuit
2033 1260 2303 1328 Antoflio

991 1360 1219 1426 portas.
1261 1357 1341 1419 (a.
1373 1369 1432 1406 ιι.
1479 1369 1532 1405 c.
1572 1355 1727 1416 705.)
1774 1348 1845 1403 ad
1884 1350 2012 1404 Att.
2055 1357 2113 1411 8.
2151 1348 2209 1412 4,
2252 1351 2315 1404 3:

1069 1444 1212 1502 Sex.
1271 1446 1504 1509 A'rmS,
1577 1443 1694 1510 (al.
1763 1442 1989 1499 Statius
2050 1440 2306 1514 Albius)

993 1596 1194 1655 batur.
1253 1614 1365 1670 pro
1404 1595 1680 1665 Cluen-tio
1717 1598 1790 1652 62
1813 1636 1827 1659 ,
1879 1598 2002 1651 175.

1071 1691 1156 1748 M.
1202 1691 1397 1746 Arius
1439 1688 1716 1751 ΒΑιιιυε,
1764 1688 2086 1750 Aricinus,
2137 1695 2308 1760 pater

992 1769 1206 1834 Atiae,
1253 1764 1322 1821 C.
1373 1763 1651 1821 Caesaris
1700 1763 2021 1819 Octaviani
2068 1763 2300 1826 matris,

993 1847 1058 1900 in
1105 1843 1318 1918 primis
1366 1841 1687 1906 honestuS,
1740 1841 2104 1912 praetorius.
2163 1837 2307 1892 Phi-

911 1967 914 1970 .
990 1918 1142 1993 lipp.
1193 1921 1251 1982 5,
1301 1919 1358 1983 6,
1408 1919 1497 1974 16.
1561 1915 1819 1971 Praetor
1866 1935 1920 1969 a.
1968 1933 2026 1969 u.
2071 1933 2124 1968 c.
2171 1920 2303 1970 692.

991 1993 1040 2050 Ρ
1079 2013 1114 2048 o
1174 2003 1456 2066 praetore
1517 1993 1629 2047 fuit
1689 1993 1749 2046 iu
1804 1989 2106 2045 Sardinia.
2177 1988 2304 2044 Cfr.

1045 2077 1251 2125 ueton.
1308 2066 1521 2122 Octav.
1560 2068 1617 2123 4.
1675 2066 2077 2140 Havercamp.
2120 2063 2303 2119 Thes,

993 2143 1210 2201 Morel.
1253 2143 1327 2199 T.
1362 2150 1416 2199 1.
1467 2161 1525 2217 p.
1558 2147 1653 2201 57.
1705 2172 1765 2181 —
1813 2141 1932 2197 Per
1962 2140 2308 2196 irrisionem

994 2229 1249 2276 vocatur
1304 2218 1454 2275 Pom
1501 2219 1576 2273 eii
1659 2217 1886 2291 collega
1962 2218 2021 2272 in
2094 2216 2308 2289 viginti

993 2297 1193 2352 viratu
1241 2313 1388 2367 agro
1431 2238 1739 2367 Campano
1779 2291 1941 2367 plebi
1980 2289 2131 2346 Iulia
2180 2290 2308 2365 lege

995 2369 1318 2428 dividendo
1375 2388 1430 2425 a.
1489 2388 1547 2424 ιι.
1607 2389 1662 2425 c.
1719 2374 1851 2428 695.
1920 2368 1995 2424 ad
2055 2368 2182 2421 Att.
2238 2377 2304 2433 2³,

1005 2453 1110 2513 12,
1157 2453 1210 2502 1.

1070 2549 1138 2607 C.
1179 2550 1372 2605 Anus
1414 2568 1464 2603 s.
1512 2551 1750 2604 Arrius
1794 2548 2032 2604 Census
2073 2544 2312 2620 signifi-

996 2632 1170 2681 catur
1210 2625 1449 2700 Fragm.
1490 2630 1543 2682 5.
1604 2623 2002 2681 cornelianae
2061 2623 2313 2698 primae.

994 2699 1120 2759 cfr.
1159 2700 1424 2776 Madvig.
1463 2702 1621 2774 App.
1667 2701 1813 2756 Asc.
1858 2698 2003 2755 Ped.
2070 2717 2132 2773 p.
2179 2704 2234 2755 7.

1082 2805 1274 2862 A'rms
1314 2805 1664 2861 Dionrsms.
1737 2803 1810 2859 ad
1852 2802 2014 2859 Fam.
2060 2808 2165 2869 12,
2212 2807 2308 2870 30,

1001 2881 1055 2941 5.
1111 2881 1262 2937 Vide
1305 2880 1659 2936 Diomfsms.

1080 2984 1155 3057 Q.
1187 2986 1382 3041 Anus
1411 2982 1751 3046 Lauinium,
1796 2992 2044 3057 patruus
2081 2983 2155 3038 T.
2190 2981 2312 3037 Atii

1001 3060 1290 3127 Labieni,
1354 3078 1491 3116 cnm
1549 3057 1881 3115 Saturnino
1952 3059 2312 3132 Capitolium

1001 3154 1136 3193 cum
1177 3143 1570 3210 occupasset,
1617 3132 1701 3189 ibi
1746 3133 1984 3189 occisus
2026 3143 2116 3188 est
2162 3153 2219 3187 a.
2260 3152 2315 3187 u.

1001 3231 1056 3268 c.
1102 3215 1255 3277 654„
1294 3229 1411 3286 qno
1455 3211 1776 3284 praecipue
1817 3207 2063 3264 obtentu
2094 3208 2168 3263 T.
2202 3209 2315 3264 La-

999 3285 1215 3343 bienus
1246 3285 1678 3360 perduellionis
1719 3302 1887 3339 reum
1932 3284 2071 3339 fecit
2100 3284 2167 3339 C.
2203 3284 2311 3339 Ra-

1001 3359 1247 3418 birium.
1333 3379 1445 3434 pro
1495 3360 1562 3417 C.
1608 3357 1856 3415 Rabirio
1914 3360 2084 3433 perd.
2130 3366 2160 3418 5
2189 3403 2202 3429 ,
2249 3365 2312 3416 1'1

1163 3478 1178 3504 ,
1237 3444 1331 3495 20.

1079 3541 1154 3615 T.
1202 3539 1396 3595 Arius
1441 3539 1765 3604 laniamus,
1815 3537 2091 3604 tribunus
2129 3540 2208 3613 pl.
2256 3559 2310 3593 a.

1001 3606 1090 3670 us*
1109 3634 1162 3671 c.
1200 3618 1332 3673 691.
1384 3624 1701 3670 accusator
1739 3615 1806 3672 C.
1839 3614 2107 3677 Rabirii,
2143 3617 2316 3671 insti-

1046 3701 1177 3746 atus
1216 3709 1248 3744 a
1295 3689 1361 3745 C.
1398 3691 1551 3747 lulio
1596 3691 1877 3747 Caesare.
1939 3711 2049 3764 pro
2093 3691 2159 3746 C.
2195 3692 2314 3746 Ra-

1002 3710 1163 3822 gii-io
1208 3765 1379 3840 perd.
1431 3774 1500 3828 2,
1550 3773 1603 3823 6.
1672 3765 1832 3822 Satis
1886 3768 2315 3822 contumeliose

1006 3860 1039 3895 a
1083 3841 1379 3898 Cicerone
1421 3861 1531 3915 per
1578 3850 1764 3897 totam
1795 3843 1950 3896 hanc
1979 3846 2313 3914 orationem

1006 3919 1323 3991 accipitur.
1351 3945 1416 3958 -
1441 3916 1704 3991 Legatus
1739 3916 2015 3974 Caesaris
2050 3937 2103 3974 a.
2150 3938 2209 3973 u.
2259 3937 2312 3972 c.

1003 3448 1063 3494 et

1008 4066 1084 4140 Q.
1132 4067 1235 4122 Fr.
1287 4075 1353 4132 3,
1414 4075 1482 4130 7,
1529 4075 1584 4124 2.
1647 4068 1952 4142 (Caesaris
2013 4072 2072 4125 iu
2119 4069 2313 4125 Gallia

1004 4143 1285 4217 legatus.)
1338 4140 1491 4198 Ibid.
1535 4143 1647 4216 Ep.
1686 4153 1756 4209 8,
1797 4151 1853 4199 2.
1890 4175 1949 4184 -
1986 4146 2134 4200 Ειιιιι
2170 4165 2223 4199 a.
2260 4164 2313 4200 u.

1005 4237 1062 4275 c.
1107 4222 1235 4278 704.
1294 4217 1518 4275 Caesar
1558 4212 1789 4275 Ga'lliae
1845 4231 2079 4351 togatae
2137 4240 2315 4295 prae-

1003 4296 1148 4352 fecit
1167 4337 1182 4363 ,
1215 4313 1333 4370 qno
1361 4297 1589 4350 maiore
1619 4312 1889 4350 commen
1937 4299 2137 4352 atione
2166 4316 2313 4352 con-

1005 4372 1312 4427 ciliaretur
1377 4368 1451 4424 ad
1524 4370 1869 4428 consulatus
1939 4372 2310 4446 petitionem.

1006 4445 1158 4504 Bell.
1210 4445 1367 4502 Gall.
1413 4454 1480 4512 8,
1527 4453 1617 4503 52.
1669 4475 1728 4485 ·-
1776 4445 2091 4522 Cingulum
2139 4450 2315 4523 oppi-

1008 4522 1147 4579 dum
1176 4524 1570 4577 constituerat
1598 4540 1820 4596 suaque
1851 4526 2101 4597 pecunia
2137 4543 2315 4579 exae-

1007 4597 1378 4655 dificaverat.
1433 4605 1593 4660 (ante
1636 4618 1689 4654 a.
1735 4617 1791 4651 u.
1844 4618 1896 4653 c.
1950 4607 2105 4665 705.)
2163 4601 2315 4657 Cae-

1009 4693 1110 4730 sar
1152 4673 1282 4730 CiV.
1329 4680 1393 4739 1,
1442 4678 1529 4730 15.
1581 4703 1640 4713 -
1686 4674 1829 4728 Eius
1880 4675 2120 4731 divitiae
2162 4677 2315 4733 Cae-

1010 4753 1167 4805 saris
1241 4747 1587 4806 liberalitati
1663 4747 1897 4805 debitae
1974 4753 2118 4806 milii
2193 4772 2311 4807 non

1009 4825 1271 4955 Ρέξιιέξιιὶ.
1327 4822 1403 4880 ad
1428 4825 1557 4881 Att.
1604 4830 1659 4893 7,
1703 4829 1861 4961 75⁰}
1913 4857 1989 4957 ᾖ)
2020 4827 2318 4961 Βέεοεείείίι

1011 4919 1042 4953 a
1174 4918 1382 4960 aesare
1427 4918 1484 4956 a.
1521 4918 1583 4957 u.
1624 4918 1682 4957 c.
1844 4942 1860 4957 .
1997 4943 2012 4958 .
2155 4944 2166 4956 .
2299 4947 2312 4969 ‚

1012 4983 1068 5030 1.
1114 4973 1239 5029 Cfr.
1299 4975 1559 5035 Dionem
1594 4972 1767 5034 Cass.
1810 4977 1918 5041 41,
1963 4980 2019 5036 4.
2077 4922 2316 5056 „i’ap'n'j-

1014 5069 1120 5113 νος
1157 5049 1576 5125 ἐγκαταλιπών
1610 5054 1721 5111 τὸν
1744 5053 2043 5130 Καίσαρα
2069 5055 2340 5124 ἐξηυτυ-,

1878 5126 2181 5206 Πομπηΐῳ
2240 5130 2315 5186 τὰ
2338 5139 2340 5166 ¹

1011 5121 1247 5202 μόλησε
1296 5122 1411 5183 καὶ
1462 5127 1673 5187 πάντα
1732 5132 1821 5200 τῷ

1014 5195 1347 5285 ἀπόρρῃΐα
1370 5197 1569 5261 αὑτοῦ
1592 5200 1905 5281 &muh-
1968 5203 2314 5280 Θαυμάσειε

1010 5274 1129 5355 μὲν
1166 5291 1280 5333 ουν
1313 5270 1399 5333 ἄν
1432 5293 1559 5365 ιτς,
1592 5275 1697 5337 ὅτι
1726 5282 1795 5344 sc
1826 5273 1911 5338 τὰ
1944 5283 2162 5360 πρῶνα
2205 5279 2341 5339 ὑπὸ

1567 678 1648 745 C.
1692 676 1974 743 ATIUS
2018 712 2099 722 —
2147 679 2230 741 T.
2277 676 2556 742 ATlUS
2604 678 3093 745 LABIENUS.

2361 821 2469 874 τοῦ
2503 819 2814 896 Καίσαρος
2854 819 2955 884 ἀεί
2984 840 3126 876 ποτε
3157 815 3477 896 τιμηθεὶς,
3517 815 3670 879 ὥστε

2359 891 2469 952 καὶ
2493 893 2744 952 πάντων
2770 899 2893 952 τῶν
2920 898 3065 971 ὑπὲρ
3095 892 3207 959 τὰς
3224 891 3450 960 ’Ἄλπεις
3475 915 3673 971 στρα-

2363 968 2660 1038 τοπέδων,
2712 970 2888 1035 ὁπότε
2943 971 3167 1033 ἐκεῖνος
3218 971 3282 1027 ἐν
3318 973 3397 1055 τῇ
3446 971 3676 1043 Ἰταλίᾳ

2361 1045 2485 1116 εἴη,
2529 1041 2776 1121 ἄρχειν,
2816 1046 3056 1116 ἐποίησε
3096 1048 3297 1102 τοῦτο.
3343 1046 3548 1104 αἴτιοι·
3587 1042 3668 1112 δέ,

2364 1117 2457 1176 ὅτι
2496 1123 2682 1183 αὐτὸς
2735 1141 2796 1178 τε
2847 1118 2956 1178 καὶ
3006 1123 3270 1179 πλοῦτον
3319 1119 3434 1179 καὶ
3487 1119 3673 1194 δόξαν

2362 1194 2842 1275 περιβαλόμενος
2879 1195 3290 1272 ὀγκηρότερον
3313 1200 3422 1270 τῆς
3446 1197 3673 1275 ἠγεμο-

2366 1269 2499 1334 νιάς
2554 1270 2784 1347 διάγειν
2843 1267 3092 1348 ἤρξατο.
3155 1267 3266 1328 καὶ
3324 1274 3359 1328 ὸ
3420 1273 3671 1344 Καίσαρ

2362 1345 2821 1431 παοισυύμειζὸν
2879 1354 2936 1404 υἱ
3000 1342 3192 1404 αὑτὸν
3250 1344 3399 1404 ἰδών
3462 1345 3673 1407 οὐκέθ’

2454 1400 2472 1419 S

2335 1424 2589 1498 ἰἰμόιως
2626 1442 2854 1496 ης-ἀπα.
2919 1420 3030 1493 τήν
3068 1443 3127 1480 τε
3170 1411 3281 1510 οὔχ
3319 1425 3674 1512 ‘aerugini-im

993 1521 1278 1587 colonus,
1337 1539 1454 1596 quo
1501 1519 1706 1576 Sassia
1747 1517 2127 1574 familiariter
2172 1525 2337 1580 ute-‚
2623 1570 2633 1585 ‚
3490 1573 3500 1582 ,

2335 1606 2336 1612 =
2369 1593 2419 1626 ιι
2442 1614 2455 1631 ,
2486 1591 2766 1646 gestastis.
2800 1601 2861 1612 —
2897 1572 3041 1627 Rem
3063 1572 3211 1627 Pom
3257 1593 3335 1628 eii
3364 1572 3672 1628 meliorem

2361 1495 2453 1572 μὴ
2492 1496 2699 1572 φέρων
2724 1495 2833 1553 καὶ
2863 1494 3173 1573 (Ῑιυβηθεὶς
3198 1498 3338 1582 ἀμφι
3364 1520 3457 1574 μη
3490 1497 3671 1580 πάθῃ

2366 1649 2505 1702 fecit.
2548 1653 2623 1712 (a.
2668 1664 2725 1701 u.
2770 1665 2824 1702 c.
2872 1648 3031 1720 705.)
3085 1647 3158 1703 ad
3255 1667 3368 1704 ain.
3421 1651 3525 1709 14,
3585 1653 3666 1706 ιἰ,

2366 1733 2419 1779 2.
2467 1751 2528 1762 -
2572 1720 2905 1778 Labienum
2955 1742 2987 1778 a
3024 1723 3280 1779 Caesare
3320 1723 3674 1779 discessisse

2368 1798 2800 1872 propemodum
2851 1809 3111 1854 constat.
3196 1798 3263 1853 Si
3319 1802 3399 1855 ita
3452 1800 3671 1855 factum

2332 1882 2553 1938 esset,
2594 1882 2658 1927 nt
2712 1872 2809 1928 ille
2862 1875 3110 1930 Romam
3171 1875 3427 1930 veniens
3487 1877 3678 1950 magi-

2366 1959 2590 2005 stratus
2632 1960 2689 2003 et
2730 1962 3002 2005 senatum
3044 1950 3267 2007 Romae
3316 1949 3671 2014 offenderet,

2368 2044 2584 2096 magno
2646 2027 2779 2080 usui
2846 2043 3061 2082 causae
3127 2035 3372 2082 nostrae
3441 2027 3673 2082 fuisset.

2367 2102 2698 2156 Damnasse
2784 2102 2941 2156 enim
3032 2102 3282 2158 sceleris
3377 2103 3678 2158 hominem

2368 2180 2622 2231 amicum
2667 2176 2755 2231 rei
2797 2175 3071 2252 publicae
3112 2196 3294 2233 causa
3329 2178 3676 2241 videretnr;

2368 2252 2526 2326 quod
2573 2270 2731 2306 nuuc
2761 2272 2999 2328 qnoque
3031 2253 3299 2309 videtur:
3347 2253 3452 2309 sed
3479 2256 3678 2310 minus

2371 2327 2650 2402 prodest3
2697 2347 2819 2383 non
2862 2331 3022 2384 enim
3065 2328 3278 2395 habet,
3320 2332 3418 2385 cui
3446 2330 3676 2404 prosit3

2339 2421 2621 2478 ‘euinque
2684 2402 2955 2459 arbitror
3017 2408 3347 2478 poenitere.
3421 2404 3497 2460 ad
3549 2405 3671 2460 Att.

2372 2487 2439 2545 7,
2488 2486 2592 2543 12,
2638 2484 2694 2536 5.
2746 2509 2805 2518 -
2853 2478 3183 2535 Labienum
3231 2480 3411 2552 η’ρωα
3454 2480 3673 2536 iudico.

2370 2556 2631 2610 Facinus
2674 2555 2894 2610 iamdiu
2939 2555 3166 2611 nullum
3193 2555 3372 2611 civile
3401 2555 3675 2630 praecla-

2369 2632 2529 2695 rius;
2585 2633 2717 2705 qui,
2760 2641 2824 2685 ut
2870 2631 3029 2687 aliud
3086 2631 3267 2700 nihil,
3315 2631 3431 2686 boc
3476 2641 3672 2686 tamen

2370 2708 2657 2780 profecit:
2690 2706 2852 2762 dedit
2881 2707 2966 2763 illi
2996 2706 3287 2762 dolorem.
3348 2705 3470 2762 Sed
3498 2707 3670 2762 etiam
3742 2741 3748 2748 -

2370 2782 2444 2837 ad
2498 2801 2788 2837 summam
2847 2776 3181 2857 profectum
3230 2782 3457 2857 aliquid
3506 2791 3669 2857 puto.

2370 2857 2458 2914 lb.
2528 2858 2640 2931 Ep.
2707 2863 2795 2916 13.
2855 2877 2909 2912 a.
2969 2867 3023 2916 1.
3080 2888 3141 2898 —
3188 2856 3523 2923 Labienus,
3583 2858 3675 2911 vir

2373 2952 2498 2989 mea
2538 2936 2835 2989 sententia
2875 2953 3160 3009 magnus,
3207 2935 3479 2989 Teanum
3517 2934 3678 2988 venit

2372 3030 2426 3063 a.
2478 3009 2536 3063 d.
2590 3009 2696 3064 IX.
2740 3009 2873 3076 Kal.
2932 3015 3116 3076 (705.)
3177 3008 3265 3064 Ibi
3328 3009 3677 3083 Pompeium

2373 3084 2771 3160 consulesque
2793 3085 3097 3140 convenit.
3136 3085 3531 3159 Aliquantum
3555 3085 3682 3137 ani-

2374 3163 2452 3215 mi
2495 3160 2734 3216 videtur
2782 3159 2956 3218 nobis
3003 3161 3466 3234 (Pompeianis)
3522 3168 3681 3215 attu-

2375 3236 2515 3291 lisse
2563 3235 2889 3292 Labienus.
2970 3236 3059 3292 lb.
3104 3237 3213 3310 Ep.
3262 3243 3353 3295 13.
3398 3233 3455 3290 b.
3509 3244 3563 3295 7.
3615 3264 3675 3273 -

2374 3313 2694 3384 Pompeius
2776 3313 2846 3366 ad
2928 3313 3195 3383 legiones
3265 3313 3520 3367 Atianas
3591 3318 3680 3364 est

2376 3388 2715 3459 profectus;
2758 3386 3088 3443 Labienum
3119 3404 3321 3442 secum
3351 3384 3548 3442 habet.
3594 3384 3679 3440 Ib.

2374 3463 2486 3534 Ep.
2550 3468 2654 3527 15,
2714 3469 2768 3520 5.
2839 3493 2897 3502 -
2966 3464 3287 3536 Pompeius
3346 3460 3679 3518 Labienum

2373 3557 2596 3604 secum,
2625 3536 2805 3594 habet
2851 3557 2969 3593 non
3018 3538 3388 3594 dubitantem
3445 3537 3520 3592 de
3572 3540 3680 3592 im-

2374 3614 2694 3684 becillitate
2758 3615 3036 3671 Caesaris
3098 3615 3445 3688 copiarum:
3509 3614 3680 3668 cuius

2374 3690 2635 3744 adventu
2682 3693 2918 3748 Gnaeus
2988 3700 3191 3745 noster
3252 3688 3437 3744 multo
3497 3689 3682 3744 animi

2375 3764 2507 3839 plus
2566 3764 2760 3821 babet.
2833 3764 2918 3820 Il».
2966 3767 3074 3841 Ep.
3122 3773 3224 3831 16,
3286 3773 3339 3826 2.
3391 3794 3450 3803 -
3498 3765 3682 3820 Afra-

2338 3904 2339 3916 *
2377 3843 2537 3897 nium
2573 3839 3056 3915 exspectabimus
3085 3853 3142 3896 et
3160 3842 3485 3896 Petreium.
3528 3840 3681 3895 Nam

2338 3933 2340 3980 f
2377 3919 2435 3971 in
2484 3916 2755 3973 Labieno
2798 3936 3009 3991 parum
3062 3927 3152 3972 est
3196 3916 3532 3990 diguitatis.
3577 3911 3681 3973 Ji).

1003 3995 1139 4051 696.
1200 3991 1426 4048 Caesar
1477 3992 1637 4048 Gall.
1698 4004 1759 4057 ¹,
1807 3999 1897 4050 10.
1949 4023 2008 4033 —
2055 3995 2181 4050 cfr.
2243 3991 2339 4048 ad

2376 3991 2509 4048 Lib.
2569 4002 2637 4056 8,
2704 4003 2769 4058 2,
2821 3998 2876 4052 3.
2937 4024 3006 4035 —
3062 3992 3386 4049 Maximam
3447 3991 3683 4066 plagam

2375 4070 2609 4142 accepit
2631 4070 2857 4124 Caesar
2879 4111 2892 4135 ,
2938 4090 2959 4120 c
2982 4069 3095 4124 uod
3128 4071 3177 4123 is
3201 4110 3216 4133 ,
3262 4070 3361 4143 qui
3395 4083 3684 4121 summam

2373 4149 2790 4200 auctoritatem
2830 4147 2890 4200 in
2921 4145 2960 4198 il
2990 4145 3079 4198 ius
3109 4144 3381 4199 exercitu
3410 4139 3689 4204 babebat.

2374 4220 2449 4274 T.
2478 4219 2814 4284 LabienuS,
2861 4222 3062 4276 socius
3106 4219 3357 4275 sceleris
3398 4235 3532 4272 esse
3576 4234 3685 4271 no-

2374 4295 2513 4349 luit:
2576 4297 2822 4370 reliquit
2867 4295 3032 4352 illum
3087 4306 3148 4350 et
3199 4293 3515 4350 nobiscum
3571 4299 3681 4346 est.

2372 4371 2445 4427 ad
2465 4372 2629 4425 Fam.
2662 4380 2753 4437 16,
2788 4381 2879 4441 12,
2912 4376 2967 4429 4,
3001 4402 3060 4410 —-
3093 4369 3424 4434 Labienus,
3453 4369 3680 4443 legatus

2374 4447 2641 4519 Pompeii
2696 4468 2750 4501 a.
2798 4467 2855 4502 u.
2901 4468 2953 4503 c.
3009 4452 3134 4506 706.
3216 4445 3365 4502 Cum
3414 4444 3683 4516 Pompeii

2372 4525 2674 4577 exercitus
2705 4522 3066 4594 Dyrrhachii
3103 4524 3465 4597 perterritus
3500 4527 3677 4577 esset,

2375 4597 2641 4671 procedit
2696 4600 2969 4674 iuratque
3012 4618 3074 4653 sc
3124 4617 3257 4653 eum
3308 4616 3427 4652 uon
3479 4595 3684 4650 deser-

2372 4684 2570 4728 turum
2630 4675 2999 4750 eundemque
3062 4692 3266 4730 casum
3321 4671 3681 4730 subiturum,

2373 4769 2782 4825 quemcunque
2812 4752 2861 4804 ei
2894 4753 3135 4807 fortuna
3159 4749 3494 4805 tribuisset.
3534 4745 3689 4802 Cae-

2374 4845 2473 4881 sar
2503 4826 2631 4881 Civ.
2671 4833 2727 4892 3,
2768 4832 2857 4885 13.
2909 4856 2968 4866 —
3017 4828 3165 4882 Cum
3195 4824 3582 4881 Caesarianis
3617 4821 3685 4875 de

2376 4921 2519 4976 pace
2556 4904 2779 4958 frustra
2816 4905 2956 4977 agit.
3017 4901 3169 4957 Ibid.
3208 4908 3300 4958 19.
3354 4930 3416 4943 -
3463 4900 3611 4956 Cum
3654 4915 3683 4948 a

2375 4980 2658 5052 Pompeio
2688 4977 3154 5052 impetravisset,
3180 4986 3246 5031 ut
3272 4975 3389 5033 sibi
3412 4976 3685 5048 captivos

2375 5054 2770 5110 Caesarianos
2796 5064 2882 5108 tra
2894 5053 3024 5109 nsdi
3040 5052 3295 5121 iuberet,
3316 5070 3527 5108 omnes
3545 5068 3686 5125 pro-

2375 5129 2585 5184 ductos
2626 5132 3048 5185 ostentationis
3079 5147 3260 5184 causa
3282 5171 3297 5196 ,
3346 5147 3465 5205 quo
3494 5129 3685 5182 maior

2375 5207 2659 5280 perfugae
2708 5203 2857 5261 lides
2906 5205 3263 5271 haberetur,
3324 5201 3685 5259 commilito-

2373 5300 2482 5339 nes
2542 5280 2857 5357 appellans
2930 5292 2989 5339 et
3063 5299 3281 5358 magna
3361 5277 3685 5337 verborum
