4367 6084
469 635 532 699 250
684 661 690 673 ·
829 633 869 700 C.
892 634 1096 702 FANNIUS
1118 630 1162 700 C.
1186 634 1227 699 F.
1251 632 1450 699 STBABO.

464 777 599 832 Fannius
611 776 691 834 Ma.
703 774 842 833 tribunus
855 775 936 851 plebi
948 779 1048 835 luerit.
1072 777 1123 833 Vi·
1153 774 1208 833 bus
1222 775 1346 846 Pighius
1367 792 1412 838 ea,
1433 792 1491 850 que
1511 775 1543 830 iu
1562 771 1675 832 talibus
1694 773 1806 833 solebat

466 853 541 908 deor
554 854 625 908 mihi
639 853 757 909 audisse
769 853 803 908 Ρ.
816 854 971 919 Africano,
984 853 1124 910 Latum·
1152 855 1195 908 uti
1216 863 1292 914 arte.
1315 860 1378 906 tres
1399 849 1434 907 C.
1450 851 1473 906 F
1475 852 1582 906 auuios
1596 868 1632 907 ae
1658 852 1742 906 oales
1754 851 1810 910 fiu-

465 931 526 983 mio
541 926 729 984 censoribus.
759 929 798 1002 (a.
812 948 841 983 u.
855 949 882 984 c.
896 932 977 998 612.)
1005 929 1041 985 ad
1055 931 1120 986 Att.
1152 931 1196 983 xit
1210 930 1241 983 in
1255 930 1324 1000 ipso
1338 944 1431 1000 opere
1445 937 1620 982 constanter
1660 928 1807 992 stinctae,

465 1008 517 1068 16,
547 1009 581 1062 15
605 1023 649 1069 οι,
677 1011 706 1060 2·
746 1004 792 1077 (ιι.
816 1022 846 1060 ιι.
872 1023 899 1060 c.
927 1009 1005 1072 710.)
1044 1004 1121 1061 Vide
1152 1005 1183 1059 iu
1202 1002 1306 1059 Iudice
1330 1013 1428 1057 autem
1449 1001 1597 1076 Pigbiaoo
1624 1011 1657 1058 et
1675 1022 1692 1059 e
1713 1003 1811 1060 Kran-

461 1084 532 1134 'mox
560 1080 590 1134 iu
612 1077 646 1135 C.
669 1078 787 1134 Fannio
812 1079 846 1136 C.
869 1079 904 1135 F.
933 1109 963 1120 -
990 1079 1122 1137 Contur-
1151 1080 1197 1134 sio
1217 1078 1296 1134 Hist.
1319 1076 1404 1134 Boin.
1426 1095 1456 1153 p.
1480 1084 1544 1137 171.
1573 1079 1651 1133 mire
1681 1081 1763 1135 iuter
1780 1098 1811 1136 se
1844 1137 1846 1144 ,

463 1153 514 1210 bat
538 1171 584 1209 tue
610 1153 661 1228 (iu
679 1153 774 1216 ‚retius
795 1155 946 1211 nonnullis
973 1155 1011 1212 ad
1030 1157 1121 1212 chro-
1152 1155 1304 1211 confusos.
1344 1153 1450 1228 Neque
1471 1171 1544 1209 vero
1570 1156 1645 1209 satis
1672 1154 1756 1212 clare
1776 1157 1811 1212 de

464 1229 615 1305 nologiam
634 1229 867 1305 pertinentibus)
888 1234 1018 1306 epitome
1032 1229 1120 1288 Bruti
1150 1231 1186 1286 iis
1207 1229 1350 1286 disseruit
1370 1229 1468 1285 Maius
1489 1231 1520 1284 iu
1540 1229 1682 1304 Prosopo
1724 1251 1740 1285 a
1764 1232 1810 1289 hie

463 1305 638 1372 Fanniana,
662 1324 699 1359 au
725 1304 813 1361 Bruti
839 1306 967 1380 epitome
987 1306 1120 1380 Fauuia-
1149 1305 1346 1381 Dialogorum
1365 1305 1401 1360 de
1421 1322 1455 1359 re
1475 1302 1595 1378 publica
1615 1324 1647 1380 p.
1665 1305 1691 1361 L
1758 1307 1808 1363 vl.

462 1398 582 1452 riorutp.
602 1379 787 1436 --Huue
802 1381 960 1446 Fannium,
975 1381 1026 1458 qui
1041 1383 1120 1438 scri·
1150 1380 1205 1437 Ed.
1222 1380 1308 1436 Horu.
1331 1384 1416 1440 1828.
1445 1380 1566 1436 Primus
1587 1382 1681 1454 igitur
1702 1382 1809 1457 Pighio

461 1458 523 1531 psit
541 1455 714 1522 historiam,
737 1474 881 1529 generum
902 1475 967 1513 esse
987 1461 1120 1530 scripse-
1149 1466 1195 1512 cst
1213 1456 1246 1512 C.
1263 1456 1397 1511 Fannius
1418 1453 1512 1512 MaF.
1533 1454 1586 1512 ⁰C.
1606 1455 1645 1511 N.
1668 1455 1810 1519 tribunus

461 1549 528 1587 ram
542 1530 651 1596 Laelii,
670 1531 723 1588 sed
740 1541 772 1587 tu
788 1550 834 1587 me
848 1539 1056 1608 γεωμετρικοῖς
1069 1552 1118 1588 re·
1149 1531 1190 1605 pl.
1212 1551 1239 1587 ιι.
1263 1551 1292 1587 u.
1316 1535 1428 1590 cata.
1468 1530 1558 1586 Varr.
1587 1525 1647 1598 (ad
1668 1533 1735 1589 Au.
1762 1537 1807 1600 16,

461 1606 598 1664 fellerus:
620 1618 650 1661 te
667 1618 765 1663 autem
781 1626 860 1663 nuuc
872 1605 985 1663 Brutus
998 1608 1119 1664 etFau-
1151 1611 1184 1664 15
1198 1625 1242 1674 1.,
1264 1606 1325 1679 2.),
1348 1615 1472 1681 praetor
1492 1626 1518 1660 ιι.
1533 1613 1618 1673 617.,
1641 1626 1700 1680 pro
1721 1627 1811 1683 prae·

439 1674 530 1738 'nius
550 1683 651 1756 (ipse).
691 1682 755 1756 Ego
782 1693 881 1739 tamen
908 1682 944 1739 de
964 1683 1045 1740 houo
1064 1703 1119 1739 au·
1148 1692 1214 1737 tore
1235 1702 1274 1737 a.·
1289 1688 1354 1740 618.
1385 1680 1543 1738 Secundus
1564 1681 1597 1738 C.
1614 1682 1755 1740 Faunus
1776 1684 1809 1742 C.

461 1767 563 1823 ctore,
591 1755 773 1826 Hortensio,
799 1760 843 1815 sic
865 1776 1057 1833 acceperam,
1085 1770 1119 1814 ut
1148 1757 1181 1812 F.
1196 1757 1229 1814 C.
1243 1757 1293 1822 N„
1312 1767 1426 1822 orator,
1443 1774 1499 1829 pro
1513 1770 1676 1833 quaestore
1690 1777 1717 1814 a.
1734 1766 1808 1827 615..

462 1831 542 1906 apud
558 1831 686 1888 Brutum
702 1845 757 1890 est.
793 1832 830 1889 ad
845 1834 909 1888 nu.
926 1841 972 1898 12,
985 1840 1013 1898 5,
1031 1842 1058 1896 5.
1084 1865 1115 1876 -
1147 1831 1287 1889 tribunus
1302 1834 1342 1907 pl.
1360 1852 1388 1888 a.
1402 1835 1482 1898 620,
1503 1833 1608 1890 aedilis
1623 1833 1664 1908 pl.
1681 1853 1709 1890 a.
1728 1842 1808 1905 oct,

461 1910 563 1981 Aegre
584 1908 687 1963 tulisse
714 1909 748 1964 P.
770 1908 923 1983 Rupilium
943 1910 1047 1965 fratris
1068 1928 1119 1966 re·
1148 1916 1270 1983 praetor
1290 1927 1318 1964 a.
1333 1912 1422 1974 627.,
1445 1919 1665 1982 propraetore
1686 1929 1713 1970 a.
1727 1915 1808 1980 628,

461 1982 579 2057 pulsam
596 1982 769 2040 consulatus
786 1986 933 2058 scriptum
947 1975 1028 2058 apud
1037 1985 1117 2043 Fen·
1147 1983 1254 2040 consul
1274 2001 1300 2038 a.
1316 1988 1381 2042 652.
1417 1982 1539 2040 Tertius
1561 1983 1595 2040 C.
1612 1985 1635 2040 F
1637 2004 1752 2041 saurus
1766 1986 1806 2044 H.

462 2061 545 2114 nium
559 2069 613 2114 est.
640 2058 701 2114 Sed
716 2071 817 2115 tamen
836 2063 980 2115 transisse
998 2061 1118 2116 ridetur
1146 2059 1180 2113 F.
1197 2059 1238 2115 Μ.
1254 2059 1305 2124 N,
1322 2057 1417 2114 Laelii
1432 2077 1535 2135 gener,
1558 2059 1736 2124 historicus,
1758 2064 1810 2140 qui

462 2132 594 2200 modum,
617 2136 727 2210 quippe
748 2136 799 2267 qui
818 2133 857 2190 ub
877 2153 942 2190 eam
962 2154 1083 2191 causam
1101 2156 1116 2192 ιι
1147 2154 1172 2189 a·
1188 2134 1809 2194 6081011111ΤίιῢιιιῡῡὴοιιιοοοίαΚιι-

463 2212 523 2265 vita
544 2212 715 2265 recesserit.
747 2209 870 2265 'uscub
893 2211 920 2276 1,
945 2217 991 2276 17,
1013 2214 1060 2270 ho.
1083 2242 1115 2255 ·-
1148 2210 1278 2282 thaginis
1296 2212 1393 2284 primo
1413 2210 1631 2268 conscendenti
1641 2211 1808 2280 (Plutarch-

463 2285 498 2341 lu
526 2285 589 2340 eius
616 2284 786 2342 Annalibus
813 2287 911 2341 oratio
938 2285 975 2357 Q.
1004 2285 1117 2343 Metelli
1148 2288 1179 2341 iu
1204 2284 1349 2342 Gracchis
1372 2287 1434 2351 1.),
1462 2304 1490 2340 a.
1514 2293 1579 2344 612.
1608 2304 1717 2364 magna
1739 2308 1808 2345 cum

462 2359 613 2416 Balearici
633 2371 738 2416 contra
760 2362 808 2418 Ti.
831 2361 1002 2418 Gracchum
1023 2380 1118 2436 expo-
1147 2360 1233 2416 laude
1260 2360 1400 2416 militavit
1418 2361 1450 2415 in
1471 2360 1618 2436 Hispania
1640 2362 1730 2436 (rore
1749 2367 1808 2442 μὲν

463 2439 519 2490 sita
541 2446 596 2490 est.
626 2434 711 2492 Brut.
734 2442 786 2502 21,
807 2443 833 2495 8.
856 2466 890 2478 -
911 2437 1012 2508 Jii'pior
1033 2439 1118 2494 Airi-
1147 2428 1203 2493 οὖν
1224 2438 1355 2500 Φάννιος
1374 2457 1391 2494 ο
1407 2437 1537 2494 Λοιλίου
1556 2437 1705 2512 κηδεστὴς
1724 2440 1807 2513 λαμ-

463 2529 556 2566 canus
580 2510 651 2576 tuit,
680 2522 712 2566 ut
737 2515 778 2567 ait
800 2512 831 2567 in
850 2509 984 2568 Historia
1008 2531 1061 2567 sua
1084 2511 1117 2568 C.
1147 2513 1230 2581 apri:
1252 2511 1419 2586 ἠρίστευσε.
1458 2512 1590 2586 Appiau.
1617 2512 1705 2588 Hisp.
1732 2513 1804 2587 67),

460 2580 606 2642 Fannius.
635 2585 720 2642 Brut.
742 2596 789 2652 87,
812 2590 878 2645 299.
903 2616 934 2626 -
958 2589 991 2643 lu
1012 2588 1118 2644 Anna·
1148 2586 1253 2660 Pighio
1267 2604 1324 2660 pro
1338 2598 1496 2660 quaestore
1518 2609 1545 2642 a.
1562 2587 1805 2654 618.,etrihuuus

461 2660 540 2717 libus
567 2662 630 2716 suis
654 2663 831 2718 Africanum
852 2663 1054 2719 Aemilianum
1076 2665 1118 2720 ei·
1148 2662 1188 2735 pl.
1204 2667 1330 2725 ι.625.,
1352 2661 1456 2718 aedilis
1472 2661 1513 2736 pl.
1529 2683 1556 2717 a.
1572 2669 1657 2729 626.,
1680 2676 1806 2739 praetor

462 2757 549 2810 ριονα
567 2736 738 2812 appellavit.
768 2738 803 2793 de
819 2736 873 2794 Or.
894 2743 927 2805 2,·
938 2742 984 2800 67,
1002 2746 1118 2797 270-
1147 2757 1172 2792 a.
1186 2740 1252 2794 629.
1284 2738 1410 2805 (φονιος
1428 2749 1562 2815 Λ-Ιαοκοο
1582 2740 1804 2811 υἱοςστριιιη-

461 2813 595 2869 Fannius
635 2814 677 2867 ait
716 2814 872 2888 εἰρωνείαν
907 2815 939 2868 iu
971 2814 1117 2868 Africano
1147 2814 1199 2887 yde
1212 2810 1329 2890 βουλὴν
1349 2811 1501 2888 συνήγαγε
1522 2834 1551 2868 κ.
1565 2833 1593 2868 τ.
1613 2815 1639 2869 λ.
1661 2815 1691 2869 iu
1707 2813 1805 2872 Seue-

416 2905 428 2930 ·
461 2890 571 2954 fuisse;
589 2885 677 2964 idque
691 2899 851 2962 propterea
867 2888 1006 2944 vitiosum
1020 2891 1049 2943 in
1065 2889 1116 2944 illo
1146 2897 1193 2942 tus
1221 2887 1359 2943 consulto
1386 2887 1465 2961 apud
1490 2887 1651 2962 losephum
1678 2891 1804 2967 Autiqq.

462 2983 524 3019 nou
551 2963 733 3036 putandum,
761 2964 842 3039 quod
867 2963 944 3019 idem
970 2964 1061 3019 fuerit
1084 2964 1114 3019 iu
1148 2967 1194 3025 15,
1217 2969 1245 3026 9,
1266 2971 1307 3028 2.,
1329 2961 1408 3036 quod
1429 2962 1523 3027 SC..
1545 2965 1572 3019 si
1592 2983 1654 3020 uou
1677 2967 1715 3021 ad
1735 2984 1804 3020 euru

354 3090 359 3099 .
463 3038 598 3095 Socrate.
625 3038 720 3094 Acad.
743 3045 771 3104 2,
795 3045 822 3103 5,
848 3045 889 3097 15.
914 3068 945 3078 -
968 3037 1116 3095 Salustius
1146 3055 1266 3102 aunum,
1289 3056 1376 3113 quem
1391 3041 1494 3105 statuit
1508 3039 1641 3112 Pighius,
1664 3041 1803 3097 referen-

462 3117 493 3170 iu
514 3113 581 3169 Lib.
603 3111 627 3167 I.
654 3114 858 3170 Historiarum
881 3112 985 3170 tribuit
1008 3114 1115 3171 Cotoui
1146 3112 1216 3168 duur
1236 3123 1292 3182 est,
1315 3116 1397 3168 certe
1418 3125 1525 3187 posta.
1542 3120 1622 3179 625..
1646 3133 1705 3191 quo
1721 3118 1804 3188 Hyr-

461 3188 657 3256 breritatem‚
692 3190 807 3244 Fauuio
840 3208 913 3244 uero
943 3193 1113 3246 ueritatem.
1145 3205 1251 3243 carium
1282 3188 1460 3243 ludaeorum
1494 3192 1700 3263 principatum
1730 3194 1803 3248 ade-

462 3265 610 3321 Victuriu.
631 3283 661 3339 p.
682 3270 735 3332 57,
758 3272 805 3327 51.
830 3295 860 3304 -
883 3264 946 3321 Cic.
962 3264 1113 3340 Fragmm.
1145 3275 1227 3337 ptum
1241 3281 1306 3319 esse
1319 3273 1447 3328 cunstat,
1462 3265 1574 3320 factum
1591 3278 1664 3333 est);
1681 3267 1800 3334 deinde,

462 3360 491 3416 p.
516 3345 581 3399 580.
1146 3350 1176 3393 ut
1196 3340 1323 3403 assolet,
1345 3351 1574 3414 propraetorem
1596 3340 1629 3397 C.
1651 3342 1800 3399 Fauuium

1145 3415 1185 3471 Μ.
1198 3415 1233 3470 F.
1249 3414 1290 3470 lt.
1306 3413 1343 3470 Ν.
1367 3433 1394 3469 a.
1410 3420 1475 3475 650.
1500 3414 1619 3472 exhibet
1633 3417 1800 3474 Aunalium

500 3492 533 3547 C.
550 3490 681 3545 Faustus
697 3488 913 3547 02911110
928 3489 1032 3545 consul
1047 3509 1115 3546 cum
1143 3493 1287 3564 scriptor.
1317 3488 1365 3545 Ad
1387 3491 1464 3546 hauc
1477 3495 1624 3547 rationem
1639 3495 1802 3550 ineundam

462 3565 519 3622 Cu.
532 3567 664 3622 Domitio
675 3564 887 3622 Ahenobarbo.
917 3585 944 3620 a.
957 3584 987 3620 u.
1004 3584 1031 3620 c.
1047 3570 1112 3626 652.
1144 3585 1179 3621 eo
1199 3585 1271 3621 saue
1292 3564 1436 3622 adductus
1451 3579 1505 3631 est,
1526 3567 1605 3643 quod
1620 3565 1688 3625 lieri
1701 3572 1802 3625 omoi-

462 3660 553 3696 uuam
579 3643 746 3697 orationem
774 3642 809 3696 de
832 3642 922 3696 sociis
943 3653 974 3697 et
994 3643 1114 3697 norriiue
1144 3660 1183 3695 no
1211 3659 1271 3696 nou
1299 3643 1430 3715 potuisse
1459 3640 1680 3717 perspiciebat,
1711 3655 1744 3700 ut
1763 3646 1798 3701 C.

461 3717 571 3772 Latino
598 3727 703 3771 contra
731 3717 765 3773 C.
794 3716 966 3772 Gracchum
993 3717 1115 3791 reliquit
1143 3717 1275 3772 Fannius
1291 3715 1331 3772 bl.
1348 3717 1382 3772 F.
1399 3717 1572 3781 historicus.
1594 3721 1645 3794 qui
1664 3738 1702 3774 ex
1716 3734 1801 3776 certo

461 3811 532 3846 saue
552 3803 581 3846 et
601 3789 710 3846 bouum
725 3802 754 3847 et
768 3790 914 3855 nubilem,
937 3811 1023 3866 quam
1041 3812 1115 3847 uon-
1143 3794 1274 3866 Appiani
1290 3795 1461 3849 testimonio
1481 3811 1508 3846 a.
1523 3802 1587 3852 612.
1607 3815 1638 3849 ιιι
1654 3795 1799 3870 Hispania

461 3867 535 3922 nulli
563 3885 578 3921 a
606 3867 640 3922 C.
662 3867 767 3923 Persio
794 3869 937 3941 scriptam
966 3886 1031 3921 esse
1052 3869 1114 3922 aic—
1143 3869 1305 3935 militarat,
1341 3868 1444 3923 eudem
1473 3888 1554 3923 atino
1583 3870 1723 3926 tribunus
1757 3873 1798 3947 pl.

461 3942 534 3999 baut
555 3954 612 3997 cet.
641 3941 725 3997 Brut.
739 3949 786 4006 26,
802 3945 838 3999 99
853 3948 956 4000 11100.
974 3972 1005 3981 -
1027 3943 1114 3999 Nuu-
1144 3943 1243 4010 luerit,
1265 3961 1302 3998 ex
1321 3945 1462 4017 opinione
1484 3953 1565 4000 certe
1583 3946 1741 4004 Ciceronis
1761 3948 1801 4004 ad

462 4037 549 4093 quam
570 4027 615 4073 est
628 4017 745 4073 habitus
760 4019 903 4089 elinguis,
926 4029 956 4073 et
978 4017 1114 4075 tribuna·
1144 4021 1205 4072 Att.
1223 4023 1269 4082 16,
1288 4024 1322 4076 15
1334 4037 1373 4083 c..
1390 4025 1418 4073 2.
1450 4019 1586 4085 (Accedit
1602 4041 1682 4077 utine
1704 4022 1801 4090 loeus,

462 4106 509 4150 tus
530 4095 592 4148 eius
607 4092 733 4149 arbitrio
748 4106 777 4149 et
791 4096 968 4148 auctoritate
983 4094 1015 4149 Ρ.
1031 4095 1115 4150 Afri·
1143 4112 1231 4169 quem
1251 4094 1371 4166 Pighius
1392 4095 1525 4150 nondum
1547 4107 1650 4160 irorat,
1674 4098 1711 4153 de
1726 4099 1800 4172 llep.

394 4225 397 4233 ,
462 4172 645 4239 campestris
660 4188 721 4224 nou
739 4169 886 4224 obscurus
901 4171 966 4224 tuit.
996 4169 1112 4225 Claud
1145 4182 1171 4235 1,
1195 4177 1241 4235 12,
1265 4178 1322 4235 18,
1345 4188 1382 4224 ex
1402 4189 1461 4244 quo
1483 4171 1615 4226 Fauuius
1635 4174 1800 4230 historicus

461 4250 524 4302 Att.
549 4252 600 4309 18,
624 4249 657 4303 15
677 4262 720 4309 1.,
742 4254 790 4312 2.,
818 4263 906 4318 quem
928 4244 1026 4300 locum
1046 4245 1113 4300 vide
1143 4267 1169 4299 a.
1185 4249 1251 4303 625.
1274 4256 1369 4299 aetate
1383 4244 1499 4302 drumm
1516 4251 1707 4318 quaestorius
1722 4263 1797 4315 erat,

462 4319 728 4378 inC.Fauu10bl.
744 4320 777 4375 F.
807 4319 928 4375 10111.-
950 4320 1114 4376 Exordium
1143 4321 1247 4386 idest,
1274 4320 1542 4377 XXVIh-XXX.
1563 4342 1659 4379 antius
1685 4333 1797 4391 iratus.)

462 4402 525 4453 cius
555 4398 700 4450 orationis
730 4405 835 4450 coittra
867 4395 899 4452 C.
929 4395 1111 4451 Gracchum.
1143 4396 1202 4452 Sed
1229 4399 1286 4450 iam
1312 4407 1440 4483 propter
1465 4396 1563 4453 lorum
1593 4399 1630 4454 ad
1658 4402 1719 4455 Au.
1746 4406 1794 4465 16,

462 4474 497 4529 de
512 4472 565 4527 Or.
580 4479 608 4533 5.
624 4474 671 4536 17,
689 4475 752 4530 185.
772 4501 801 4510 ”-
819 4472 1033 4544 Fragmentum
1047 4491 1114 4527 ora·
1146 4477 1229 4537 the„
1252 4480 1279 4526 2.
1302 4474 1473 4542 lingendum
1495 4473 1553 4528 sibi
1574 4475 1702 4530 credidit
1722 4476 1798 4529 alte-

462 4548 551 4604 tiunis
581 4546 618 4603 ab
648 4565 683 4601 eo
711 4546 855 4602 adversus
883 4547 916 4603 C.
943 4548 1114 4603 Gracchum
1143 4566 1209 4602 rum
1229 4546 1262 4603 C.
1281 4547 1441 4612 Fannium,
1465 4548 1506 4604 Μ.
1528 4549 1561 4603 F.
1586 4551 1637 4606 ‘⁴C.
1661 4551 1700 4605 N.
1724 4552 1798 4626 (quo

461 4625 589 4681 habitae.
616 4622 708 4677 Iulius
724 4622 828 4677 Victor
845 4642 874 4697 p.
888 4628 953 4680 221.
972 4652 1002 4662 -
1026 4623 1113 4679 Hunc
1143 4625 1288 4676 asterisco
1314 4632 1408 4678 tutam
1435 4642 1498 4678 rem
1525 4626 1707 4699 opinabilem
1728 4646 1797 4682 esse

461 4701 608 4756 Fannium
631 4697 757 4754 Bricrus
783 4698 819 4753 de
843 4697 902 4754 (711.
926 4707 959 4763 5,
988 4705 1041 4762 11,
1067 4701 1113 4755 117.
1142 4694 1331 4771 siguificatr)
1353 4697 1505 4753 trilmmuu
1527 4701 1567 4772 pl.
1591 4709 1672 4768 612,
1695 4714 1724 4756 et
1744 4720 1799 4757 so-

460 4775 614 4831 substituit
634 4775 663 4829 iu
685 4775 782 4829 locum
802 4775 908 4830 Penni.
927 4803 956 4813 -
980 4774 1063 4829 Duos
1078 4773 1111 4829 C.
1141 4773 1192 4828 lita
1213 4776 1388 4829 coniectura
1415 4794 1453 4828 ex
1473 4776 1537 4848 lege
1557 4777 1660 4833 annali
1685 4789 1799 4833 utcuu-

459 4852 592 4906 Fannius
607 4849 746 4925 aequales
762 4848 1113 4905 riiciuoratCiceroBrut.
1142 4867 1198 4925 que
1233 4854 1377 4922 repetita,
1417 4851 1482 4905 siue
1515 4852 1575 4906 ullo
1609 4855 1797 4929 antiquitatis

461 4934 507 4991 26,
521 4930 584 4984 99.=
606 4926 743 4995 ,Horum
761 4926 806 4993 (P.
822 4926 936 4989 Crassi,
956 4922 1023 4980 Ser.
1041 4926 1113 4979 Gal·
1140 4927 1312 4980 testimonio
1332 4925 1459 4980 eundem
1481 4927 1552 4981 lacit
1572 4939 1745 5000 praetorem
1766 4949 1794 4984 a.

461 5001 533 5067 bae,
556 5001 588 5056 Ρ.
610 5002 792 5068 Scaevolae)
812 4998 959 5056 aetatibus
979 4999 1112 5055 adiuncti
1141 5009 1205 5059 617.
1236 5000 1310 5056 lllihi
1329 5020 1403 5056 vero
1424 5019 1599 5074 persuasum
1621 5013 1677 5066 est,
1697 5007 1722 5060 si
1743 5023 1797 5061 eu-

462 5077 520 5130 duo
541 5075 574 5131 C.
587 5076 705 5142 Fannii,
729 5077 763 5133 C.
782 5087 811 5131 ct
828 5076 868 5132 Μ.
889 5072 942 5130 lilii
961 5075 1112 5129 t'ueruut.’'
1141 5076 1207 5131 dem
1228 5088 1361 5152 tempore
1381 5087 1443 5132 tres
1462 5078 1607 5134 vixissent
1628 5079 1661 5136 C.
1676 5079 1794 5146 Fauuii,

462 5150 523 5206 Sed
543 5161 668 5225 propter
691 5151 852 5208 nonnullas
872 5147 1059 5206 difficultates
1080 5152 1111 5205 in
1141 5153 1197 5207 hoc
1218 5155 1315 5227 ipsum
1343 5162 1575 5209 memoraturum
1601 5156 1695 5212 fuisse
1717 5156 1796 5211 Tul-

461 5228 615 5302 utriusque
643 5226 733 5284 rebus
761 5232 853 5302 gestis
880 5237 967 5305 atque
986 5227 1112 5283 horrori·
1140 5228 1228 5295 lium,
1251 5246 1318 5285 curn
1339 5230 1396 5284 iam
1416 5229 1472 5285 hoc
1493 5230 1521 5285 ei
1542 5229 1675 5288 notabile
1695 5233 1795 5289 visum
