<?xml version="1.0" encoding="UTF-8"?>
<!DOCTYPE html PUBLIC "-//W3C//DTD XHTML 1.0 Transitional//EN"
    "http://www.w3.org/TR/xhtml1/DTD/xhtml1-transitional.dtd">
<html xmlns="http://www.w3.org/1999/xhtml" xml:lang="en" lang="en">
 <head>
  <title>
</title>
<meta http-equiv="Content-Type" content="text/html;charset=utf-8" />
  <meta name='ocr-system' content='tesseract 3.04.00' />
  <meta name='ocr-capabilities' content='ocr_page ocr_carea ocr_par ocr_line ocrx_word'/>
</head>
<body>
  <div class='ocr_page' id='page_1' title='image "./operaquaesupers01halmgoog/operaquaesupers01halmgoog_0202.png"; bbox 0 0 4367 6084; ppageno 0'>
   <div class='ocr_carea' id='block_1_1' title="bbox 503 608 1844 709">
    <p class='ocr_par' dir='ltr' id='par_1_1' title="bbox 503 608 1844 709">
     <span class='ocr_line' id='line_1_1' title="bbox 503 608 1844 709; baseline 0.001 -34"><span class='ocrx_word' id='word_1_1' title='bbox 503 611 565 709; x_wconf 72' lang='grc'><strong>592</strong></span> <span class='ocrx_word' id='word_1_2' title='bbox 586 613 628 680; x_wconf 86' lang='lat'><strong>1..</strong></span> <span class='ocrx_word' id='word_1_3' title='bbox 637 609 906 678; x_wconf 87' lang='lat' dir='ltr'><strong>CORNELIUS</strong></span> <span class='ocrx_word' id='word_1_4' title='bbox 919 611 1119 676; x_wconf 86' lang='lat' dir='ltr'><strong>SISENNA</strong></span> <span class='ocrx_word' id='word_1_5' title='bbox 1129 645 1167 657; x_wconf 91' lang='lat'><em>-</em></span> <span class='ocrx_word' id='word_1_6' title='bbox 1181 611 1223 673; x_wconf 92' lang='lat' dir='ltr'><strong>L.</strong></span> <span class='ocrx_word' id='word_1_7' title='bbox 1235 608 1503 676; x_wconf 84' lang='lat' dir='ltr'>CORNELIUS</span> <span class='ocrx_word' id='word_1_8' title='bbox 1518 609 1672 674; x_wconf 86' lang='lat' dir='ltr'><strong>SULLA</strong></span> <span class='ocrx_word' id='word_1_9' title='bbox 1682 608 1844 677; x_wconf 82' lang='lat' dir='ltr'><strong>FELIX.</strong></span> 
     </span>
    </p>
   </div>
   <div class='ocr_carea' id='block_1_2' title="bbox 501 720 1844 825">
    <p class='ocr_par' dir='ltr' id='par_1_2' title="bbox 501 714 1844 825">
     <span class='ocr_line' id='line_1_2' title="bbox 501 720 1844 825; baseline -0.001 -17"><span class='ocrx_word' id='word_1_10' title='bbox 501 749 700 823; x_wconf 82' lang='lat' dir='ltr'><strong>reuitSyria.</strong></span> <span class='ocrx_word' id='word_1_11' title='bbox 730 750 774 808; x_wconf 90' lang='lat' dir='ltr'><strong>lb.</strong></span> <span class='ocrx_word' id='word_1_12' title='bbox 797 758 825 809; x_wconf 98' lang='grc'><strong>6.</strong></span> <span class='ocrx_word' id='word_1_13' title='bbox 850 780 881 790; x_wconf 98' lang='grc'>-</span> <span class='ocrx_word' id='word_1_14' title='bbox 905 750 1029 808; x_wconf 87' lang='lat' dir='ltr'><strong>Ceteros</strong></span> <span class='ocrx_word' id='word_1_15' title='bbox 1050 750 1086 806; x_wconf 89' lang='lat' dir='ltr'><strong>de</strong></span> <span class='ocrx_word' id='word_1_16' title='bbox 1100 752 1157 807; x_wconf 93' lang='lat' dir='ltr'><strong>hoc</strong></span> <span class='ocrx_word' id='word_1_17' title='bbox 1187 749 1258 807; x_wconf 92' lang='lat' dir='ltr'><strong>aC.</strong></span> <span class='ocrx_word' id='word_1_18' title='bbox 1282 720 1374 805; x_wconf 85' lang='lat' dir='ltr'><strong>Rusio</strong></span> <span class='ocrx_word' id='word_1_19' title='bbox 1396 750 1515 825; x_wconf 91' lang='lat' dir='ltr'><strong>quidem</strong></span> <span class='ocrx_word' id='word_1_20' title='bbox 1539 740 1716 805; x_wconf 83' lang='lat' dir='ltr'><strong>accusatore</strong></span> <span class='ocrx_word' id='word_1_21' title='bbox 1740 749 1844 807; x_wconf 90' lang='lat' dir='ltr'><strong>deter-</strong></span> 
     </span>
    </p>
   </div>
   <div class='ocr_carea' id='block_1_3' title="bbox 422 826 1845 1805">
    <p class='ocr_par' dir='ltr' id='par_1_3' title="bbox 422 826 1845 1198">
     <span class='ocr_line' id='line_1_3' title="bbox 502 826 1843 901; baseline -0.002 -16"><span class='ocrx_word' id='word_1_22' title='bbox 502 826 657 901; x_wconf 87' lang='lat' dir='ltr'><strong>Scipioue·</strong></span> <span class='ocrx_word' id='word_1_23' title='bbox 676 827 760 884; x_wconf 88' lang='lat' dir='ltr'><strong>locos</strong></span> <span class='ocrx_word' id='word_1_24' title='bbox 813 845 903 885; x_wconf 88' lang='lat' dir='ltr'><strong>uacre</strong></span> <span class='ocrx_word' id='word_1_25' title='bbox 935 829 968 882; x_wconf 91' lang='lat' dir='ltr'><strong>in</strong></span> <span class='ocrx_word' id='word_1_26' title='bbox 999 826 1157 883; x_wconf 73' lang='lat' dir='ltr'><strong>Caecinam</strong></span> <span class='ocrx_word' id='word_1_27' title='bbox 1186 828 1249 881; x_wconf 88' lang='lat' dir='ltr'><strong>reri</strong></span> <span class='ocrx_word' id='word_1_28' title='bbox 1270 829 1383 899; x_wconf 89' lang='lat' dir='ltr'><strong>potuit,</strong></span> <span class='ocrx_word' id='word_1_29' title='bbox 1406 845 1465 901; x_wconf 76' lang='lat' dir='ltr'><strong>equo</strong></span> <span class='ocrx_word' id='word_1_30' title='bbox 1487 828 1585 880; x_wconf 91' lang='lat' dir='ltr'><strong>minus</strong></span> <span class='ocrx_word' id='word_1_31' title='bbox 1604 828 1756 881; x_wconf 86' lang='lat' dir='ltr'><strong>inusitatis</strong></span> <span class='ocrx_word' id='word_1_32' title='bbox 1771 846 1843 882; x_wconf 81' lang='lat' dir='ltr'><strong>ver-</strong></span> 
     </span>
     <span class='ocr_line' id='line_1_4' title="bbox 422 847 1843 987; baseline 0.001 -34"><span class='ocrx_word' id='word_1_33' title='bbox 422 946 427 953; x_wconf 96' lang='lat'><strong>.</strong></span> <span class='ocrx_word' id='word_1_34' title='bbox 501 903 673 961; x_wconf 71' lang='lat' dir='ltr'><strong>Marianis.</strong></span> <span class='ocrx_word' id='word_1_35' title='bbox 701 903 780 959; x_wconf 91' lang='lat' dir='ltr'><strong>Casn</strong></span> <span class='ocrx_word' id='word_1_36' title='bbox 793 847 1015 987; x_wconf 44' lang='lat' dir='ltr'><strong>‘liaecscltofltn</strong></span> <span class='ocrx_word' id='word_1_37' title='bbox 1039 901 1157 957; x_wconf 90' lang='lat' dir='ltr'><strong>cumil-</strong></span> <span class='ocrx_word' id='word_1_38' title='bbox 1187 901 1232 958; x_wconf 87' lang='lat' dir='ltr'><strong>lu&#39;s</strong></span> <span class='ocrx_word' id='word_1_39' title='bbox 1253 913 1397 956; x_wconf 88' lang='lat' dir='ltr'><strong>uteretur.</strong></span> <span class='ocrx_word' id='word_1_40' title='bbox 1442 900 1505 956; x_wconf 88' lang='lat' dir='ltr'><strong>lloc</strong></span> <span class='ocrx_word' id='word_1_41' title='bbox 1529 904 1606 956; x_wconf 90' lang='lat' dir='ltr'><strong>enim</strong></span> <span class='ocrx_word' id='word_1_42' title='bbox 1627 914 1787 956; x_wconf 75' lang='lat' dir='ltr'><strong>accusante</strong></span> <span class='ocrx_word' id='word_1_43' title='bbox 1808 902 1843 959; x_wconf 90' lang='lat' dir='ltr'><strong>C.</strong></span> 
     </span>
     <span class='ocr_line' id='line_1_5' title="bbox 500 975 1843 1077; baseline -0.004 -42"><span class='ocrx_word' id='word_1_44' title='bbox 500 978 551 1035; x_wconf 90' lang='lat' dir='ltr'><strong>lud</strong></span> <span class='ocrx_word' id='word_1_45' title='bbox 572 989 662 1052; x_wconf 86' lang='lat' dir='ltr'><strong>eaput</strong></span> <span class='ocrx_word' id='word_1_46' title='bbox 684 995 915 1052; x_wconf 79' lang='lat' dir='ltr'>componerem,</span> <span class='ocrx_word' id='word_1_47' title='bbox 932 976 1002 1077; x_wconf 72' lang='lat' dir='ltr'><strong>lopo</strong></span> <span class='ocrx_word' id='word_1_48' title='bbox 1020 997 1075 1034; x_wconf 91' lang='lat' dir='ltr'><strong>suo</strong></span> <span class='ocrx_word' id='word_1_49' title='bbox 1096 995 1158 1033; x_wconf 87' lang='lat' dir='ltr'><strong>tuo-</strong></span> <span class='ocrx_word' id='word_1_50' title='bbox 1187 975 1330 1033; x_wconf 73' lang='lat' dir='ltr'>Rutilium</span> <span class='ocrx_word' id='word_1_51' title='bbox 1359 976 1449 1042; x_wconf 92' lang='lat' dir='ltr'><strong>(olim</strong></span> <span class='ocrx_word' id='word_1_52' title='bbox 1472 985 1632 1049; x_wconf 76' lang='lat' dir='ltr'>corrupte:</span> <span class='ocrx_word' id='word_1_53' title='bbox 1664 977 1843 1053; x_wconf 64' lang='lat' dir='ltr'><strong>claritatum)</strong></span> 
     </span>
     <span class='ocr_line' id='line_1_6' title="bbox 501 1051 1845 1137; baseline -0.001 -27"><span class='ocrx_word' id='word_1_54' title='bbox 501 1063 532 1110; x_wconf 83' lang='lat' dir='ltr'><strong>ta</strong></span> <span class='ocrx_word' id='word_1_55' title='bbox 554 1062 609 1110; x_wconf 85' lang='lat' dir='ltr'><strong>est.</strong></span> <span class='ocrx_word' id='word_1_56' title='bbox 961 1080 968 1137; x_wconf 67' lang='lat' dir='ltr'><strong>p</strong></span> <span class='ocrx_word' id='word_1_57' title='bbox 1187 1052 1316 1108; x_wconf 76' lang='lat' dir='ltr'><strong>Sisenna</strong></span> <span class='ocrx_word' id='word_1_58' title='bbox 1332 1051 1494 1107; x_wconf 84' lang='lat' dir='ltr'><strong>defendens</strong></span> <span class='ocrx_word' id='word_1_59' title='bbox 1510 1052 1600 1116; x_wconf 82' lang='lat' dir='ltr'><strong>dixit,</strong></span> <span class='ocrx_word' id='word_1_60' title='bbox 1618 1053 1763 1127; x_wconf 85' lang='lat' dir='ltr'><strong>quaedam</strong></span> <span class='ocrx_word' id='word_1_61' title='bbox 1778 1056 1845 1108; x_wconf 88' lang='lat' dir='ltr'><strong>cius</strong></span> 
     </span>
     <span class='ocr_line' id='line_1_7' title="bbox 1186 1127 1842 1198; baseline 0.008 -20"><span class='ocrx_word' id='word_1_62' title='bbox 1186 1131 1352 1198; x_wconf 70' lang='lat' dir='ltr'><strong>spritatilica</strong></span> <span class='ocrx_word' id='word_1_63' title='bbox 1383 1145 1450 1187; x_wconf 86' lang='lat' dir='ltr'><strong>esse</strong></span> <span class='ocrx_word' id='word_1_64' title='bbox 1484 1129 1610 1182; x_wconf 83' lang='lat' dir='ltr'><strong>criiiiina</strong></span> <span class='ocrx_word' id='word_1_65' title='bbox 1644 1139 1700 1182; x_wconf 90' lang='lat' dir='ltr'><strong>cet.</strong></span> <span class='ocrx_word' id='word_1_66' title='bbox 1752 1127 1842 1183; x_wconf 85' lang='lat' dir='ltr'><strong>Brut.</strong></span> 
     </span>
    </p>

    <p class='ocr_par' dir='ltr' id='par_1_4' title="bbox 539 1201 1842 1277">
     <span class='ocr_line' id='line_1_8' title="bbox 539 1201 1842 1277; baseline -0.002 -16"><span class='ocrx_word' id='word_1_67' title='bbox 539 1202 576 1261; x_wconf 85' lang='lat' dir='ltr'><strong>L.</strong></span> <span class='ocrx_word' id='word_1_68' title='bbox 599 1203 768 1260; x_wconf 74' lang='lat' dir='ltr'><strong>Consanus</strong></span> <span class='ocrx_word' id='word_1_69' title='bbox 791 1202 940 1270; x_wconf 68' lang='lat' dir='ltr'><strong>Sisennae,</strong></span> <span class='ocrx_word' id='word_1_70' title='bbox 961 1205 1082 1277; x_wconf 87' lang='lat' dir='ltr'><strong>patricii</strong></span> <span class='ocrx_word' id='word_1_71' title='bbox 1104 1220 1162 1275; x_wconf 66' lang='lat' dir='ltr'><strong>geo</strong></span> <span class='ocrx_word' id='word_1_72' title='bbox 1188 1205 1239 1268; x_wconf 75' lang='lat'><strong>74,</strong></span> <span class='ocrx_word' id='word_1_73' title='bbox 1263 1209 1328 1259; x_wconf 82' lang='grc'><strong>259.</strong></span> <span class='ocrx_word' id='word_1_74' title='bbox 1345 1203 1429 1257; x_wconf 95' lang='lat' dir='ltr'><strong>—lu</strong></span> <span class='ocrx_word' id='word_1_75' title='bbox 1452 1214 1592 1277; x_wconf 88' lang='lat' dir='ltr'><strong>practura</strong></span> <span class='ocrx_word' id='word_1_76' title='bbox 1613 1201 1762 1258; x_wconf 90' lang='lat' dir='ltr'><strong>bonorum</strong></span> <span class='ocrx_word' id='word_1_77' title='bbox 1783 1203 1842 1258; x_wconf 91' lang='lat' dir='ltr'><strong>Cn.</strong></span> 
     </span>
    </p>

    <p class='ocr_par' dir='ltr' id='par_1_5' title="bbox 428 1270 1845 1805">
     <span class='ocr_line' id='line_1_9' title="bbox 428 1270 1845 1352; baseline -0.001 -16"><span class='ocrx_word' id='word_1_78' title='bbox 428 1278 431 1285; x_wconf 81' lang='grc'><strong>’</strong></span> <span class='ocrx_word' id='word_1_79' title='bbox 500 1280 601 1346; x_wconf 86' lang='lat' dir='ltr'><strong>neris,</strong></span> <span class='ocrx_word' id='word_1_80' title='bbox 636 1290 724 1343; x_wconf 85' lang='lat' dir='ltr'><strong>natus</strong></span> <span class='ocrx_word' id='word_1_81' title='bbox 755 1281 885 1334; x_wconf 82' lang='lat' dir='ltr'><strong>circiter</strong></span> <span class='ocrx_word' id='word_1_82' title='bbox 911 1298 938 1334; x_wconf 88' lang='lat' dir='ltr'><strong>a.</strong></span> <span class='ocrx_word' id='word_1_83' title='bbox 971 1297 998 1332; x_wconf 92' lang='lat' dir='ltr'><strong>u.</strong></span> <span class='ocrx_word' id='word_1_84' title='bbox 1031 1297 1057 1333; x_wconf 89' lang='lat' dir='ltr'><strong>c.</strong></span> <span class='ocrx_word' id='word_1_85' title='bbox 1089 1270 1158 1336; x_wconf 61' lang='lat'><strong>639</strong></span> <span class='ocrx_word' id='word_1_86' title='bbox 1187 1278 1320 1334; x_wconf 89' lang='lat' dir='ltr'><strong>Cornelii</strong></span> <span class='ocrx_word' id='word_1_87' title='bbox 1345 1281 1569 1352; x_wconf 88' lang='lat' dir='ltr'><strong>possessionem</strong></span> <span class='ocrx_word' id='word_1_88' title='bbox 1593 1279 1690 1333; x_wconf 90' lang='lat' dir='ltr'><strong>edicto</strong></span> <span class='ocrx_word' id='word_1_89' title='bbox 1713 1277 1747 1333; x_wconf 90' lang='lat' dir='ltr'><strong>P.</strong></span> <span class='ocrx_word' id='word_1_90' title='bbox 1773 1277 1845 1335; x_wconf 88' lang='lat' dir='ltr'><strong>Sci·</strong></span> 
     </span>
     <span class='ocr_line' id='line_1_10' title="bbox 501 1352 1841 1428; baseline -0.001 -18"><span class='ocrx_word' id='word_1_91' title='bbox 501 1361 575 1423; x_wconf 90' lang='lat' dir='ltr'><strong>(non</strong></span> <span class='ocrx_word' id='word_1_92' title='bbox 595 1357 691 1421; x_wconf 79' lang='lat'><strong>603·)›</strong></span> <span class='ocrx_word' id='word_1_93' title='bbox 714 1367 837 1428; x_wconf 86' lang='lat' dir='ltr'><strong>praetor</strong></span> <span class='ocrx_word' id='word_1_94' title='bbox 859 1373 938 1408; x_wconf 87' lang='lat' dir='ltr'><strong>anno</strong></span> <span class='ocrx_word' id='word_1_95' title='bbox 963 1372 1034 1418; x_wconf 91' lang='lat' dir='ltr'><strong>suo,</strong></span> <span class='ocrx_word' id='word_1_96' title='bbox 1062 1352 1157 1407; x_wconf 88' lang='lat' dir='ltr'><strong>idest</strong></span> <span class='ocrx_word' id='word_1_97' title='bbox 1186 1356 1269 1426; x_wconf 88' lang='lat' dir='ltr'><strong>pioni</strong></span> <span class='ocrx_word' id='word_1_98' title='bbox 1304 1353 1363 1408; x_wconf 92' lang='lat' dir='ltr'><strong>dat.</strong></span> <span class='ocrx_word' id='word_1_99' title='bbox 1399 1372 1455 1427; x_wconf 91' lang='lat' dir='ltr'><strong>pro</strong></span> <span class='ocrx_word' id='word_1_100' title='bbox 1485 1353 1609 1409; x_wconf 89' lang='lat' dir='ltr'><strong>Corncl.</strong></span> <span class='ocrx_word' id='word_1_101' title='bbox 1644 1367 1674 1418; x_wconf 88' lang='lat' dir='ltr'><strong>t,</strong></span> <span class='ocrx_word' id='word_1_102' title='bbox 1709 1353 1761 1408; x_wconf 88' lang='lat' dir='ltr'><strong>Fr.</strong></span> <span class='ocrx_word' id='word_1_103' title='bbox 1792 1363 1841 1414; x_wconf 90' lang='lat'><strong>18.</strong></span> 
     </span>
     <span class='ocr_line' id='line_1_11' title="bbox 500 1428 1841 1504; baseline -0.003 -17"><span class='ocrx_word' id='word_1_104' title='bbox 500 1431 634 1504; x_wconf 76' lang='lat' dir='ltr'><strong>legitimo</strong></span> <span class='ocrx_word' id='word_1_105' title='bbox 657 1449 684 1486; x_wconf 91' lang='lat' dir='ltr'><strong>a.</strong></span> <span class='ocrx_word' id='word_1_106' title='bbox 708 1450 735 1483; x_wconf 90' lang='lat' dir='ltr'><strong>u.</strong></span> <span class='ocrx_word' id='word_1_107' title='bbox 755 1448 780 1484; x_wconf 90' lang='lat' dir='ltr'><strong>c.</strong></span> <span class='ocrx_word' id='word_1_108' title='bbox 802 1435 866 1487; x_wconf 77' lang='grc'><strong>676.</strong></span> <span class='ocrx_word' id='word_1_109' title='bbox 893 1430 984 1485; x_wconf 87' lang='lat' dir='ltr'><strong>Varr.</strong></span> <span class='ocrx_word' id='word_1_110' title='bbox 1013 1429 1081 1495; x_wconf 81' lang='lat' dir='ltr'><strong>(cle.</strong></span> <span class='ocrx_word' id='word_1_111' title='bbox 1106 1428 1158 1483; x_wconf 92' lang='lat' dir='ltr'><strong>ln·</strong></span> <span class='ocrx_word' id='word_1_112' title='bbox 1187 1448 1215 1501; x_wconf 92' lang='lat' dir='ltr'><strong>p.</strong></span> <span class='ocrx_word' id='word_1_113' title='bbox 1233 1434 1310 1493; x_wconf 66' lang='grc' dir='ltr'><strong>Ι959..</strong></span> <span class='ocrx_word' id='word_1_114' title='bbox 1332 1428 1369 1482; x_wconf 90' lang='lat' dir='ltr'><strong>ad</strong></span> <span class='ocrx_word' id='word_1_115' title='bbox 1384 1447 1470 1503; x_wconf 90' lang='lat' dir='ltr'><strong>quem</strong></span> <span class='ocrx_word' id='word_1_116' title='bbox 1484 1428 1582 1483; x_wconf 89' lang='lat' dir='ltr'><strong>locum</strong></span> <span class='ocrx_word' id='word_1_117' title='bbox 1597 1429 1711 1484; x_wconf 90' lang='lat' dir='ltr'><strong>Ascon.</strong></span> <span class='ocrx_word' id='word_1_118' title='bbox 1726 1449 1758 1502; x_wconf 87' lang='lat' dir='ltr'><strong>p.</strong></span> <span class='ocrx_word' id='word_1_119' title='bbox 1777 1436 1841 1495; x_wconf 49' lang='lat'><strong>734</strong></span> 
     </span>
     <span class='ocr_line' id='line_1_12' title="bbox 501 1502 1845 1581; baseline -0.003 -19"><span class='ocrx_word' id='word_1_120' title='bbox 501 1507 608 1580; x_wconf 86' lang='lat' dir='ltr'><strong>script.</strong></span> <span class='ocrx_word' id='word_1_121' title='bbox 635 1503 783 1561; x_wconf 80' lang='lat' dir='ltr'><strong>Graecam</strong></span> <span class='ocrx_word' id='word_1_122' title='bbox 808 1505 885 1578; x_wconf 90' lang='lat' dir='ltr'><strong>apud</strong></span> <span class='ocrx_word' id='word_1_123' title='bbox 907 1504 1100 1560; x_wconf 88' lang='lat' dir='ltr'><strong>Brissoninm</strong></span> <span class='ocrx_word' id='word_1_124' title='bbox 1121 1504 1157 1558; x_wconf 93' lang='lat' dir='ltr'><strong>de</strong></span> <span class='ocrx_word' id='word_1_125' title='bbox 1188 1504 1243 1559; x_wconf 91' lang='lat' dir='ltr'><strong>llic</strong></span> <span class='ocrx_word' id='word_1_126' title='bbox 1266 1516 1311 1559; x_wconf 88' lang='lat' dir='ltr'><strong>est</strong></span> <span class='ocrx_word' id='word_1_127' title='bbox 1339 1503 1375 1559; x_wconf 89' lang='lat' dir='ltr'><strong>L.</strong></span> <span class='ocrx_word' id='word_1_128' title='bbox 1401 1502 1548 1570; x_wconf 82' lang='lat' dir='ltr'><strong>Sisenna,</strong></span> <span class='ocrx_word' id='word_1_129' title='bbox 1573 1507 1623 1581; x_wconf 92' lang='lat' dir='ltr'><strong>qui</strong></span> <span class='ocrx_word' id='word_1_130' title='bbox 1655 1523 1703 1559; x_wconf 82' lang='lat' dir='ltr'><strong>ces</strong></span> <span class='ocrx_word' id='word_1_131' title='bbox 1730 1505 1845 1559; x_wconf 83' lang='lat' dir='ltr'><strong>Roma-</strong></span> 
     </span>
     <span class='ocr_line' id='line_1_13' title="bbox 499 1579 1844 1654; baseline -0.002 -17"><span class='ocrx_word' id='word_1_132' title='bbox 499 1580 663 1638; x_wconf 85' lang='lat' dir='ltr'><strong>Formulis.</strong></span> <span class='ocrx_word' id='word_1_133' title='bbox 689 1599 719 1654; x_wconf 88' lang='lat' dir='ltr'><strong>p.</strong></span> <span class='ocrx_word' id='word_1_134' title='bbox 736 1583 800 1636; x_wconf 79' lang='lat' dir='ltr'><strong>22t.</strong></span> <span class='ocrx_word' id='word_1_135' title='bbox 827 1581 873 1634; x_wconf 90' lang='lat' dir='ltr'><strong>cd.</strong></span> <span class='ocrx_word' id='word_1_136' title='bbox 897 1579 1012 1635; x_wconf 88' lang='lat' dir='ltr'><strong>Baebii.</strong></span> <span class='ocrx_word' id='word_1_137' title='bbox 1030 1580 1154 1634; x_wconf 79' lang='lat' dir='ltr'><strong>Gruter.</strong></span> <span class='ocrx_word' id='word_1_138' title='bbox 1187 1599 1240 1634; x_wconf 93' lang='lat' dir='ltr'><strong>nas</strong></span> <span class='ocrx_word' id='word_1_139' title='bbox 1254 1579 1387 1651; x_wconf 89' lang='lat' dir='ltr'><strong>scripsit.</strong></span> <span class='ocrx_word' id='word_1_140' title='bbox 1408 1609 1437 1618; x_wconf 96' lang='lat'><em>-</em></span> <span class='ocrx_word' id='word_1_141' title='bbox 1456 1581 1492 1634; x_wconf 85' lang='lat' dir='ltr'><strong>A.</strong></span> <span class='ocrx_word' id='word_1_142' title='bbox 1510 1580 1659 1640; x_wconf 80' lang='lat' dir='ltr'><strong>u.c.d8‘t.</strong></span> <span class='ocrx_word' id='word_1_143' title='bbox 1676 1599 1743 1635; x_wconf 90' lang='lat' dir='ltr'><strong>cum</strong></span> <span class='ocrx_word' id='word_1_144' title='bbox 1760 1579 1844 1634; x_wconf 89' lang='lat' dir='ltr'><strong>Hor-</strong></span> 
     </span>
     <span class='ocr_line' id='line_1_14' title="bbox 499 1652 1844 1733; baseline -0.002 -19"><span class='ocrx_word' id='word_1_145' title='bbox 499 1675 531 1733; x_wconf 91' lang='lat' dir='ltr'><strong>p.</strong></span> <span class='ocrx_word' id='word_1_146' title='bbox 556 1661 622 1714; x_wconf 80' lang='lat'><strong>505.</strong></span> <span class='ocrx_word' id='word_1_147' title='bbox 658 1652 710 1710; x_wconf 86' lang='lat' dir='ltr'><strong>tibi</strong></span> <span class='ocrx_word' id='word_1_148' title='bbox 741 1656 850 1710; x_wconf 87' lang='lat' dir='ltr'><strong>dicitur</strong></span> <span class='ocrx_word' id='word_1_149' title='bbox 874 1654 1049 1731; x_wconf 62' lang='lat' dir='ltr'><strong>asparagos</strong></span> <span class='ocrx_word' id='word_1_150' title='bbox 1075 1653 1157 1711; x_wconf 76' lang='grc' dir='ltr'><strong>κατὰ</strong></span> <span class='ocrx_word' id='word_1_151' title='bbox 1187 1658 1283 1710; x_wconf 90' lang='lat' dir='ltr'><strong>tensio</strong></span> <span class='ocrx_word' id='word_1_152' title='bbox 1304 1655 1434 1710; x_wconf 77' lang='lat' dir='ltr'><strong>defendit</strong></span> <span class='ocrx_word' id='word_1_153' title='bbox 1455 1654 1488 1710; x_wconf 91' lang='lat' dir='ltr'><strong>C.</strong></span> <span class='ocrx_word' id='word_1_154' title='bbox 1511 1654 1639 1711; x_wconf 83' lang='lat' dir='ltr'><strong>Verrem</strong></span> <span class='ocrx_word' id='word_1_155' title='bbox 1658 1655 1844 1729; x_wconf 83' lang='lat' dir='ltr'><strong>repetunda·</strong></span> 
     </span>
     <span class='ocr_line' id='line_1_15' title="bbox 501 1727 1841 1805; baseline -0.002 -17"><span class='ocrx_word' id='word_1_156' title='bbox 501 1730 589 1805; x_wconf 72' lang='grc' dir='ltr'><strong>ιιόλιν</strong></span> <span class='ocrx_word' id='word_1_157' title='bbox 614 1727 668 1787; x_wconf 84' lang='grc' dir='ltr'><strong>καὶ</strong></span> <span class='ocrx_word' id='word_1_158' title='bbox 696 1727 742 1787; x_wconf 75' lang='grc' dir='ltr'><strong>ἐπὶ</strong></span> <span class='ocrx_word' id='word_1_159' title='bbox 763 1734 824 1786; x_wconf 79' lang='grc' dir='ltr'><strong>τῶν</strong></span> <span class='ocrx_word' id='word_1_160' title='bbox 845 1730 950 1800; x_wconf 67' lang='grc' dir='ltr'><strong>ξένων.</strong></span> <span class='ocrx_word' id='word_1_161' title='bbox 982 1728 1062 1804; x_wconf 86' lang='lat' dir='ltr'><strong>qood</strong></span> <span class='ocrx_word' id='word_1_162' title='bbox 1089 1747 1155 1783; x_wconf 92' lang='lat' dir='ltr'><strong>cum</strong></span> <span class='ocrx_word' id='word_1_163' title='bbox 1188 1730 1366 1796; x_wconf 84' lang='lat' dir='ltr'><strong>rmnreuin,</strong></span> <span class='ocrx_word' id='word_1_164' title='bbox 1383 1732 1841 1805; x_wconf 64' lang='lat' dir='ltr'><strong>patronuseomagisidoneus,</strong></span> 
     </span>
    </p>
   </div>
   <div class='ocr_carea' id='block_1_4' title="bbox 399 1804 1844 1880">
    <p class='ocr_par' dir='ltr' id='par_1_6' title="bbox 399 1804 1844 1880">
     <span class='ocr_line' id='line_1_16' title="bbox 399 1804 1844 1880; baseline -0.001 -17"><span class='ocrx_word' id='word_1_165' title='bbox 399 1836 402 1840; x_wconf 96' lang='lat'>·</span> <span class='ocrx_word' id='word_1_166' title='bbox 500 1804 611 1869; x_wconf 77' lang='lat' dir='ltr'><strong>Rothio</strong></span> <span class='ocrx_word' id='word_1_167' title='bbox 627 1805 886 1880; x_wconf 89' lang='lat' dir='ltr'><strong>interpretandum</strong></span> <span class='ocrx_word' id='word_1_168' title='bbox 901 1823 1028 1869; x_wconf 89' lang='lat' dir='ltr'><strong>censeo,</strong></span> <span class='ocrx_word' id='word_1_169' title='bbox 1051 1823 1158 1878; x_wconf 87' lang='lat' dir='ltr'><strong>„prae-</strong></span> <span class='ocrx_word' id='word_1_170' title='bbox 1187 1805 1266 1880; x_wconf 89' lang='lat' dir='ltr'><strong>quod</strong></span> <span class='ocrx_word' id='word_1_171' title='bbox 1289 1808 1403 1879; x_wconf 92' lang='lat' dir='ltr'><strong>ipsein</strong></span> <span class='ocrx_word' id='word_1_172' title='bbox 1425 1804 1528 1860; x_wconf 85' lang='lat' dir='ltr'><strong>Sicilia</strong></span> <span class='ocrx_word' id='word_1_173' title='bbox 1553 1816 1756 1863; x_wconf 72' lang='lat' dir='ltr'><strong>conmoratus</strong></span> <span class='ocrx_word' id='word_1_174' title='bbox 1777 1808 1844 1861; x_wconf 88' lang='lat' dir='ltr'><strong>sue-</strong></span> 
     </span>
    </p>
   </div>
   <div class='ocr_carea' id='block_1_5' title="bbox 498 1877 1847 2718">
    <p class='ocr_par' dir='ltr' id='par_1_7' title="bbox 498 1877 1847 2718">
     <span class='ocr_line' id='line_1_17' title="bbox 499 1877 1846 1953; baseline 0.001 -17"><span class='ocrx_word' id='word_1_175' title='bbox 499 1889 550 1937; x_wconf 85' lang='lat' dir='ltr'><strong>tor</strong></span> <span class='ocrx_word' id='word_1_176' title='bbox 577 1891 607 1936; x_wconf 89' lang='lat' dir='ltr'><strong>et</strong></span> <span class='ocrx_word' id='word_1_177' title='bbox 633 1880 768 1936; x_wconf 89' lang='lat' dir='ltr'><strong>urbanus</strong></span> <span class='ocrx_word' id='word_1_178' title='bbox 791 1892 820 1934; x_wconf 89' lang='lat' dir='ltr'><strong>et</strong></span> <span class='ocrx_word' id='word_1_179' title='bbox 849 1880 1059 1953; x_wconf 74' lang='lat' dir='ltr'><strong>pitcegrinus.&#39;’</strong></span> <span class='ocrx_word' id='word_1_180' title='bbox 1099 1880 1157 1934; x_wconf 90' lang='lat' dir='ltr'><strong>llic</strong></span> <span class='ocrx_word' id='word_1_181' title='bbox 1186 1892 1250 1947; x_wconf 87' lang='lat' dir='ltr'><strong>rat,</strong></span> <span class='ocrx_word' id='word_1_182' title='bbox 1282 1883 1357 1935; x_wconf 91' lang='lat' dir='ltr'><strong>tanti</strong></span> <span class='ocrx_word' id='word_1_183' title='bbox 1384 1901 1400 1935; x_wconf 90' lang='lat' dir='ltr'><strong>a</strong></span> <span class='ocrx_word' id='word_1_184' title='bbox 1424 1880 1520 1936; x_wconf 84' lang='lat' dir='ltr'><strong>Verre</strong></span> <span class='ocrx_word' id='word_1_185' title='bbox 1547 1877 1684 1949; x_wconf 79' lang='lat' dir='ltr'><strong>habitus,</strong></span> <span class='ocrx_word' id='word_1_186' title='bbox 1715 1893 1748 1937; x_wconf 90' lang='lat' dir='ltr'><strong>nt</strong></span> <span class='ocrx_word' id='word_1_187' title='bbox 1779 1884 1846 1937; x_wconf 87' lang='lat' dir='ltr'><strong>eius</strong></span> 
     </span>
     <span class='ocr_line' id='line_1_18' title="bbox 502 1955 1846 2031; baseline -0.001 -19"><span class='ocrx_word' id='word_1_188' title='bbox 502 1967 601 2012; x_wconf 82' lang='lat' dir='ltr'><strong>antem</strong></span> <span class='ocrx_word' id='word_1_189' title='bbox 616 1966 776 2030; x_wconf 84' lang='lat' dir='ltr'><strong>praeturae</strong></span> <span class='ocrx_word' id='word_1_190' title='bbox 791 1974 887 2010; x_wconf 91' lang='lat' dir='ltr'><strong>annus</strong></span> <span class='ocrx_word' id='word_1_191' title='bbox 903 1956 1069 2028; x_wconf 74' lang='lat' dir='ltr'><strong>legitimus,</strong></span> <span class='ocrx_word' id='word_1_192' title='bbox 1087 1974 1157 2030; x_wconf 91' lang='lat' dir='ltr'><strong>qna-</strong></span> <span class='ocrx_word' id='word_1_193' title='bbox 1186 1955 1382 2011; x_wconf 80' lang='lat' dir='ltr'><strong>f.uiiilia1·ilius</strong></span> <span class='ocrx_word' id='word_1_194' title='bbox 1407 1955 1455 2011; x_wconf 85' lang='lat' dir='ltr'><strong>ille</strong></span> <span class='ocrx_word' id='word_1_195' title='bbox 1481 1975 1555 2031; x_wconf 77' lang='lat' dir='ltr'><strong>quam</strong></span> <span class='ocrx_word' id='word_1_196' title='bbox 1579 1958 1747 2030; x_wconf 79' lang='lat' dir='ltr'><strong>rapuisset,</strong></span> <span class='ocrx_word' id='word_1_197' title='bbox 1773 1956 1846 2012; x_wconf 90' lang='lat' dir='ltr'><strong>red-</strong></span> 
     </span>
     <span class='ocr_line' id='line_1_19' title="bbox 501 2031 1846 2106; baseline -0.001 -17"><span class='ocrx_word' id='word_1_198' title='bbox 501 2031 708 2106; x_wconf 77' lang='lat' dir='ltr'><strong>dragesiutus,</strong></span> <span class='ocrx_word' id='word_1_199' title='bbox 738 2033 868 2086; x_wconf 82' lang='lat' dir='ltr'><strong>niaximo</strong></span> <span class='ocrx_word' id='word_1_200' title='bbox 896 2040 1072 2103; x_wconf 73' lang='lat' dir='ltr'><strong>argumento</strong></span> <span class='ocrx_word' id='word_1_201' title='bbox 1099 2041 1154 2096; x_wconf 89' lang='lat' dir='ltr'><strong>est,</strong></span> <span class='ocrx_word' id='word_1_202' title='bbox 1187 2033 1282 2087; x_wconf 83' lang='lat' dir='ltr'><strong>‹lei-et.</strong></span> <span class='ocrx_word' id='word_1_203' title='bbox 1312 2032 1400 2087; x_wconf 87' lang='lat' dir='ltr'><strong>Vere.</strong></span> <span class='ocrx_word' id='word_1_204' title='bbox 1423 2034 1564 2086; x_wconf 81' lang='lat' dir='ltr'><strong>Accusat.</strong></span> <span class='ocrx_word' id='word_1_205' title='bbox 1588 2040 1622 2097; x_wconf 86' lang='grc'><strong>2,</strong></span> <span class='ocrx_word' id='word_1_206' title='bbox 1647 2036 1699 2097; x_wconf 77' lang='lat' dir='ltr'><strong>ts,</strong></span> <span class='ocrx_word' id='word_1_207' title='bbox 1723 2039 1788 2088; x_wconf 88' lang='lat' dir='ltr'><strong>tto.</strong></span> <span class='ocrx_word' id='word_1_208' title='bbox 1814 2044 1846 2088; x_wconf 88' lang='lat' dir='ltr'><strong>et</strong></span> 
     </span>
     <span class='ocr_line' id='line_1_20' title="bbox 500 2105 1845 2180; baseline 0 -17"><span class='ocrx_word' id='word_1_209' title='bbox 500 2124 568 2163; x_wconf 81' lang='lat' dir='ltr'><strong>eunt</strong></span> <span class='ocrx_word' id='word_1_210' title='bbox 584 2117 686 2167; x_wconf 74' lang='lat' dir='ltr'><strong>notun</strong></span> <span class='ocrx_word' id='word_1_211' title='bbox 697 2124 765 2175; x_wconf 75' lang='lat' dir='ltr'><strong>esse</strong></span> <span class='ocrx_word' id='word_1_212' title='bbox 785 2126 813 2160; x_wconf 90' lang='lat' dir='ltr'><strong>a.</strong></span> <span class='ocrx_word' id='word_1_213' title='bbox 829 2109 884 2165; x_wconf 80' lang='grc'><strong>655</strong></span> <span class='ocrx_word' id='word_1_214' title='bbox 899 2106 945 2161; x_wconf 87' lang='lat' dir='ltr'><strong>vel</strong></span> <span class='ocrx_word' id='word_1_215' title='bbox 959 2109 1025 2165; x_wconf 91' lang='grc'><strong>656.</strong></span> <span class='ocrx_word' id='word_1_216' title='bbox 1051 2105 1154 2169; x_wconf 73' lang='lat' dir='ltr'><strong>Varn,</strong></span> <span class='ocrx_word' id='word_1_217' title='bbox 1191 2111 1221 2171; x_wconf 85' lang='lat' dir='ltr'><strong>l,</strong></span> <span class='ocrx_word' id='word_1_218' title='bbox 1243 2113 1296 2171; x_wconf 80' lang='lat'><strong>20.</strong></span> <span class='ocrx_word' id='word_1_219' title='bbox 1323 2111 1370 2165; x_wconf 72' lang='grc'><strong>65.</strong></span> <span class='ocrx_word' id='word_1_220' title='bbox 1389 2107 1492 2162; x_wconf 88' lang='lat' dir='ltr'><strong>-Vir</strong></span> <span class='ocrx_word' id='word_1_221' title='bbox 1511 2109 1673 2180; x_wconf 87' lang='lat' dir='ltr'><strong>primarius</strong></span> <span class='ocrx_word' id='word_1_222' title='bbox 1695 2119 1724 2162; x_wconf 90' lang='lat' dir='ltr'><strong>et</strong></span> <span class='ocrx_word' id='word_1_223' title='bbox 1746 2108 1845 2163; x_wconf 81' lang='lat' dir='ltr'><strong>dives.</strong></span> 
     </span>
     <span class='ocr_line' id='line_1_21' title="bbox 502 2180 1847 2251; baseline -0.001 -13"><span class='ocrx_word' id='word_1_224' title='bbox 502 2200 564 2238; x_wconf 92' lang='lat' dir='ltr'><strong>non</strong></span> <span class='ocrx_word' id='word_1_225' title='bbox 580 2186 700 2251; x_wconf 60' lang='grc'><strong>66065,</strong></span> <span class='ocrx_word' id='word_1_226' title='bbox 711 2184 752 2239; x_wconf 86' lang='grc' dir='ltr'><strong>ἰιι</strong></span> <span class='ocrx_word' id='word_1_227' title='bbox 772 2180 836 2236; x_wconf 84' lang='lat' dir='ltr'><strong>volt</strong></span> <span class='ocrx_word' id='word_1_228' title='bbox 858 2181 1049 2238; x_wconf 88' lang='lat' dir='ltr'><strong>Weichertns</strong></span> <span class='ocrx_word' id='word_1_229' title='bbox 1070 2181 1155 2236; x_wconf 80' lang='lat' dir='ltr'><strong>Poe&#39;t.</strong></span> <span class='ocrx_word' id='word_1_230' title='bbox 1189 2182 1276 2237; x_wconf 88' lang='lat' dir='ltr'><strong>Verr.</strong></span> <span class='ocrx_word' id='word_1_231' title='bbox 1303 2185 1444 2238; x_wconf 85' lang='lat' dir='ltr'><strong>Accusat.</strong></span> <span class='ocrx_word' id='word_1_232' title='bbox 1469 2190 1503 2246; x_wconf 78' lang='grc' dir='ltr'><strong>ι,</strong></span> <span class='ocrx_word' id='word_1_233' title='bbox 1530 2187 1581 2243; x_wconf 76' lang='grc'><strong>15.</strong></span> <span class='ocrx_word' id='word_1_234' title='bbox 1608 2189 1653 2242; x_wconf 84' lang='grc'><strong>55.</strong></span> <span class='ocrx_word' id='word_1_235' title='bbox 1679 2213 1709 2222; x_wconf 95' lang='grc'>-</span> <span class='ocrx_word' id='word_1_236' title='bbox 1733 2182 1769 2238; x_wconf 92' lang='lat' dir='ltr'><strong>L.</strong></span> <span class='ocrx_word' id='word_1_237' title='bbox 1793 2182 1847 2238; x_wconf 88' lang='lat' dir='ltr'><strong>Si-</strong></span> 
     </span>
     <span class='ocr_line' id='line_1_22' title="bbox 498 2248 1847 2331; baseline 0.001 -19"><span class='ocrx_word' id='word_1_238' title='bbox 498 2248 567 2317; x_wconf 82' lang='lat' dir='ltr'><strong>Lal.</strong></span> <span class='ocrx_word' id='word_1_239' title='bbox 594 2277 623 2331; x_wconf 93' lang='lat' dir='ltr'><strong>p.</strong></span> <span class='ocrx_word' id='word_1_240' title='bbox 648 2256 696 2314; x_wconf 84' lang='lat'><strong>99.</strong></span> <span class='ocrx_word' id='word_1_241' title='bbox 722 2257 822 2331; x_wconf 83' lang='lat' dir='ltr'><strong>seqq.)</strong></span> <span class='ocrx_word' id='word_1_242' title='bbox 865 2259 902 2313; x_wconf 88' lang='lat' dir='ltr'><strong>A.</strong></span> <span class='ocrx_word' id='word_1_243' title='bbox 925 2262 991 2317; x_wconf 89' lang='grc'><strong>677.</strong></span> <span class='ocrx_word' id='word_1_244' title='bbox 1022 2256 1158 2312; x_wconf 86' lang='lat' dir='ltr'><strong>Siciliam</strong></span> <span class='ocrx_word' id='word_1_245' title='bbox 1187 2277 1279 2313; x_wconf 92' lang='lat' dir='ltr'><strong>senna</strong></span> <span class='ocrx_word' id='word_1_246' title='bbox 1311 2270 1430 2331; x_wconf 88' lang='lat' dir='ltr'><strong>optume</strong></span> <span class='ocrx_word' id='word_1_247' title='bbox 1463 2268 1492 2312; x_wconf 93' lang='lat' dir='ltr'><strong>et</strong></span> <span class='ocrx_word' id='word_1_248' title='bbox 1516 2259 1755 2331; x_wconf 75' lang='lat' dir='ltr'><strong>diligentissume</strong></span> <span class='ocrx_word' id='word_1_249' title='bbox 1778 2277 1847 2314; x_wconf 83' lang='lat' dir='ltr'><strong>oni-</strong></span> 
     </span>
     <span class='ocr_line' id='line_1_23' title="bbox 499 2329 1847 2410; baseline 0.001 -22"><span class='ocrx_word' id='word_1_250' title='bbox 499 2333 688 2410; x_wconf 85' lang='lat' dir='ltr'><strong>provlnciam</strong></span> <span class='ocrx_word' id='word_1_251' title='bbox 718 2329 856 2387; x_wconf 88' lang='lat' dir='ltr'><strong>obtinuit.</strong></span> <span class='ocrx_word' id='word_1_252' title='bbox 888 2363 924 2375; x_wconf 93' lang='lat'><em>-</em></span> <span class='ocrx_word' id='word_1_253' title='bbox 953 2332 1089 2405; x_wconf 87' lang='lat' dir='ltr'><strong>Pompeii</strong></span> <span class='ocrx_word' id='word_1_254' title='bbox 1114 2331 1158 2386; x_wconf 91' lang='lat' dir='ltr'><strong>le·</strong></span> <span class='ocrx_word' id='word_1_255' title='bbox 1189 2338 1285 2398; x_wconf 84' lang='lat' dir='ltr'><strong>aiunt,</strong></span> <span class='ocrx_word' id='word_1_256' title='bbox 1311 2336 1362 2408; x_wconf 92' lang='lat' dir='ltr'><strong>qui</strong></span> <span class='ocrx_word' id='word_1_257' title='bbox 1388 2331 1487 2387; x_wconf 85' lang='lat' dir='ltr'><strong>Sullae</strong></span> <span class='ocrx_word' id='word_1_258' title='bbox 1512 2352 1561 2388; x_wconf 88' lang='lat' dir='ltr'><strong>res</strong></span> <span class='ocrx_word' id='word_1_259' title='bbox 1586 2333 1706 2399; x_wconf 82' lang='lat' dir='ltr'><strong>dixere,</strong></span> <span class='ocrx_word' id='word_1_260' title='bbox 1739 2352 1847 2407; x_wconf 86' lang='lat' dir='ltr'><strong>perse-</strong></span> 
     </span>
     <span class='ocr_line' id='line_1_24' title="bbox 500 2405 1846 2485; baseline 0.001 -22"><span class='ocrx_word' id='word_1_261' title='bbox 500 2417 588 2485; x_wconf 81' lang='lat' dir='ltr'><strong>gatus</strong></span> <span class='ocrx_word' id='word_1_262' title='bbox 612 2418 641 2464; x_wconf 87' lang='lat' dir='ltr'><strong>et</strong></span> <span class='ocrx_word' id='word_1_263' title='bbox 666 2408 811 2464; x_wconf 83' lang='lat' dir='ltr'><strong>Graeciae</strong></span> <span class='ocrx_word' id='word_1_264' title='bbox 835 2409 1004 2480; x_wconf 87' lang='lat' dir='ltr'><strong>praelectus</strong></span> <span class='ocrx_word' id='word_1_265' title='bbox 1028 2427 1054 2461; x_wconf 91' lang='lat' dir='ltr'><strong>a.</strong></span> <span class='ocrx_word' id='word_1_266' title='bbox 1078 2425 1107 2460; x_wconf 91' lang='grc' dir='ltr'><strong>ιι.</strong></span> <span class='ocrx_word' id='word_1_267' title='bbox 1128 2426 1155 2461; x_wconf 91' lang='lat' dir='ltr'><strong>c.</strong></span> <span class='ocrx_word' id='word_1_268' title='bbox 1188 2420 1274 2464; x_wconf 87' lang='lat' dir='ltr'><strong>cutus</strong></span> <span class='ocrx_word' id='word_1_269' title='bbox 1299 2427 1404 2482; x_wconf 86' lang='lat' dir='ltr'><strong>parum</strong></span> <span class='ocrx_word' id='word_1_270' title='bbox 1432 2409 1503 2463; x_wconf 91' lang='lat' dir='ltr'><strong>mihi</strong></span> <span class='ocrx_word' id='word_1_271' title='bbox 1527 2405 1624 2464; x_wconf 89' lang='lat' dir='ltr'><strong>libero</strong></span> <span class='ocrx_word' id='word_1_272' title='bbox 1648 2427 1702 2464; x_wconf 89' lang='lat' dir='ltr'><strong>ore</strong></span> <span class='ocrx_word' id='word_1_273' title='bbox 1726 2409 1846 2465; x_wconf 89' lang='lat' dir='ltr'><strong>locutus</strong></span> 
     </span>
     <span class='ocr_line' id='line_1_25' title="bbox 502 2482 1843 2560; baseline -0.003 -17"><span class='ocrx_word' id='word_1_274' title='bbox 502 2487 569 2543; x_wconf 82' lang='grc'><strong>667.</strong></span> <span class='ocrx_word' id='word_1_275' title='bbox 590 2482 722 2560; x_wconf 80' lang='lat' dir='ltr'><strong>Appian.</strong></span> <span class='ocrx_word' id='word_1_276' title='bbox 739 2484 770 2538; x_wconf 92' lang='lat' dir='ltr'><strong>in</strong></span> <span class='ocrx_word' id='word_1_277' title='bbox 787 2483 888 2540; x_wconf 83' lang='lat' dir='ltr'><strong>Mitbr.</strong></span> <span class='ocrx_word' id='word_1_278' title='bbox 911 2482 1158 2542; x_wconf 76' lang='lat' dir='ltr'><strong>ss-APnn-</strong></span> <span class='ocrx_word' id='word_1_279' title='bbox 1189 2484 1314 2538; x_wconf 82' lang='lat' dir='ltr'><strong>videtur.</strong></span> <span class='ocrx_word' id='word_1_280' title='bbox 1355 2483 1416 2540; x_wconf 90' lang='lat' dir='ltr'><strong>Sal.</strong></span> <span class='ocrx_word' id='word_1_281' title='bbox 1450 2483 1514 2557; x_wconf 73' lang='lat' dir='ltr'><strong>lug.</strong></span> <span class='ocrx_word' id='word_1_282' title='bbox 1548 2490 1595 2541; x_wconf 84' lang='grc'><strong>95.</strong></span> <span class='ocrx_word' id='word_1_283' title='bbox 1617 2484 1843 2549; x_wconf 83' lang='lat' dir='ltr'><strong>-Caeciliae,</strong></span> 
     </span>
     <span class='ocr_line' id='line_1_26' title="bbox 499 2555 1844 2638; baseline 0.001 -25"><span class='ocrx_word' id='word_1_284' title='bbox 499 2560 585 2638; x_wconf 85' lang='lat' dir='ltr'><strong>poio,</strong></span> <span class='ocrx_word' id='word_1_285' title='bbox 615 2560 678 2614; x_wconf 82' lang='lat' dir='ltr'><strong>sive</strong></span> <span class='ocrx_word' id='word_1_286' title='bbox 703 2559 839 2616; x_wconf 81' lang='lat' dir='ltr'><strong>Creticae</strong></span> <span class='ocrx_word' id='word_1_287' title='bbox 863 2558 912 2613; x_wconf 90' lang='lat' dir='ltr'><strong>ille</strong></span> <span class='ocrx_word' id='word_1_288' title='bbox 936 2560 1080 2613; x_wconf 85' lang='lat' dir='ltr'><strong>victoriae</strong></span> <span class='ocrx_word' id='word_1_289' title='bbox 1104 2575 1157 2612; x_wconf 88' lang='lat' dir='ltr'><strong>cu·</strong></span> <span class='ocrx_word' id='word_1_290' title='bbox 1188 2558 1224 2630; x_wconf 81' lang='lat' dir='ltr'><strong>Q.</strong></span> <span class='ocrx_word' id='word_1_291' title='bbox 1245 2555 1323 2614; x_wconf 90' lang='lat' dir='ltr'><strong>liliae</strong></span> <span class='ocrx_word' id='word_1_292' title='bbox 1343 2560 1491 2614; x_wconf 90' lang='lat' dir='ltr'><strong>somnium</strong></span> <span class='ocrx_word' id='word_1_293' title='bbox 1506 2558 1635 2615; x_wconf 87' lang='lat' dir='ltr'><strong>Sisenna</strong></span> <span class='ocrx_word' id='word_1_294' title='bbox 1653 2578 1719 2615; x_wconf 92' lang='lat' dir='ltr'><strong>cum</strong></span> <span class='ocrx_word' id='word_1_295' title='bbox 1738 2561 1844 2634; x_wconf 91' lang='lat' dir='ltr'><strong>dispu-</strong></span> 
     </span>
     <span class='ocr_line' id='line_1_27' title="bbox 499 2631 1842 2718; baseline 0.001 -29"><span class='ocrx_word' id='word_1_296' title='bbox 499 2633 693 2718; x_wconf 39' lang='lat' dir='ltr'><strong>pidus‘erat,</strong></span> <span class='ocrx_word' id='word_1_297' title='bbox 724 2634 786 2689; x_wconf 90' lang='lat' dir='ltr'><strong>sive</strong></span> <span class='ocrx_word' id='word_1_298' title='bbox 808 2642 841 2688; x_wconf 90' lang='lat' dir='ltr'><strong>ut</strong></span> <span class='ocrx_word' id='word_1_299' title='bbox 861 2632 898 2704; x_wconf 91' lang='lat' dir='ltr'><strong>Q.</strong></span> <span class='ocrx_word' id='word_1_300' title='bbox 923 2634 1035 2690; x_wconf 82' lang='lat' dir='ltr'><strong>llletelli</strong></span> <span class='ocrx_word' id='word_1_301' title='bbox 1059 2635 1159 2687; x_wconf 83' lang='lat' dir='ltr'><strong>saevi·</strong></span> <span class='ocrx_word' id='word_1_302' title='bbox 1186 2634 1313 2689; x_wconf 89' lang='lat' dir='ltr'><strong>tavisset</strong></span> <span class='ocrx_word' id='word_1_303' title='bbox 1344 2631 1470 2690; x_wconf 85' lang='lat' dir='ltr'><strong>mirilico</strong></span> <span class='ocrx_word' id='word_1_304' title='bbox 1501 2636 1538 2690; x_wconf 91' lang='lat' dir='ltr'><strong>ad</strong></span> <span class='ocrx_word' id='word_1_305' title='bbox 1565 2634 1689 2690; x_wconf 77' lang='lat' dir='ltr'><strong>uerbum</strong></span> <span class='ocrx_word' id='word_1_306' title='bbox 1716 2654 1784 2690; x_wconf 91' lang='lat' dir='ltr'><strong>cum</strong></span> <span class='ocrx_word' id='word_1_307' title='bbox 1807 2654 1842 2691; x_wconf 87' lang='lat' dir='ltr'><strong>re</strong></span> 
     </span>
    </p>
   </div>
   <div class='ocr_carea' id='block_1_6' title="bbox 397 2707 1842 2782">
    <p class='ocr_par' dir='ltr' id='par_1_8' title="bbox 397 2707 1842 2782">
     <span class='ocr_line' id='line_1_28' title="bbox 397 2707 1842 2782; baseline 0.001 -16"><span class='ocrx_word' id='word_1_308' title='bbox 397 2748 400 2753; x_wconf 92' lang='lat'><em>-</em></span> <span class='ocrx_word' id='word_1_309' title='bbox 498 2708 572 2766; x_wconf 79' lang='lat' dir='ltr'><strong>tiam</strong></span> <span class='ocrx_word' id='word_1_310' title='bbox 598 2712 772 2777; x_wconf 86' lang='lat' dir='ltr'><strong>co&#39;e&#39;reeret,</strong></span> <span class='ocrx_word' id='word_1_311' title='bbox 796 2710 826 2763; x_wconf 92' lang='lat' dir='ltr'><strong>in</strong></span> <span class='ocrx_word' id='word_1_312' title='bbox 843 2707 962 2765; x_wconf 88' lang='lat' dir='ltr'><strong>Cretam</strong></span> <span class='ocrx_word' id='word_1_313' title='bbox 988 2726 1159 2763; x_wconf 84' lang='lat' dir='ltr'><strong>cuiiiexer-</strong></span> <span class='ocrx_word' id='word_1_314' title='bbox 1187 2713 1383 2775; x_wconf 88' lang='lat' dir='ltr'><strong>convcnisse,</strong></span> <span class='ocrx_word' id='word_1_315' title='bbox 1418 2721 1479 2764; x_wconf 91' lang='lat' dir='ltr'><strong>tum</strong></span> <span class='ocrx_word' id='word_1_316' title='bbox 1512 2711 1693 2777; x_wconf 87' lang='lat' dir='ltr'><strong>insolenter,</strong></span> <span class='ocrx_word' id='word_1_317' title='bbox 1728 2711 1842 2782; x_wconf 86' lang='lat' dir='ltr'><strong>(credo</strong></span> 
     </span>
    </p>
   </div>
   <div class='ocr_carea' id='block_1_7' title="bbox 497 2783 1845 3612">
    <p class='ocr_par' dir='ltr' id='par_1_9' title="bbox 497 2783 1845 3612">
     <span class='ocr_line' id='line_1_29' title="bbox 499 2783 1843 2860; baseline 0 -19"><span class='ocrx_word' id='word_1_318' title='bbox 499 2786 561 2841; x_wconf 90' lang='lat' dir='ltr'><strong>citu</strong></span> <span class='ocrx_word' id='word_1_319' title='bbox 584 2787 693 2840; x_wconf 90' lang='lat' dir='ltr'><strong>missus</strong></span> <span class='ocrx_word' id='word_1_320' title='bbox 709 2795 770 2850; x_wconf 89' lang='lat' dir='ltr'><strong>est,</strong></span> <span class='ocrx_word' id='word_1_321' title='bbox 787 2785 855 2849; x_wconf 88' lang='lat' dir='ltr'><strong>sed,</strong></span> <span class='ocrx_word' id='word_1_322' title='bbox 873 2804 939 2841; x_wconf 89' lang='lat' dir='ltr'><strong>cnm</strong></span> <span class='ocrx_word' id='word_1_323' title='bbox 952 2783 1073 2841; x_wconf 86' lang='lat' dir='ltr'><strong>Metello</strong></span> <span class='ocrx_word' id='word_1_324' title='bbox 1096 2784 1158 2839; x_wconf 89' lang='lat' dir='ltr'><strong>cle·</strong></span> <span class='ocrx_word' id='word_1_325' title='bbox 1187 2783 1224 2840; x_wconf 89' lang='lat' dir='ltr'><strong>ab</strong></span> <span class='ocrx_word' id='word_1_326' title='bbox 1246 2785 1398 2857; x_wconf 87' lang='lat' dir='ltr'><strong>Epicureo</strong></span> <span class='ocrx_word' id='word_1_327' title='bbox 1419 2785 1520 2860; x_wconf 91' lang='lat' dir='ltr'><strong>aliquo</strong></span> <span class='ocrx_word' id='word_1_328' title='bbox 1535 2785 1686 2854; x_wconf 76' lang='lat' dir='ltr'><strong>inductus)</strong></span> <span class='ocrx_word' id='word_1_329' title='bbox 1710 2787 1843 2860; x_wconf 89' lang='lat' dir='ltr'><strong>disputat</strong></span> 
     </span>
     <span class='ocr_line' id='line_1_30' title="bbox 498 2859 1843 2933; baseline 0 -16"><span class='ocrx_word' id='word_1_330' title='bbox 498 2861 641 2917; x_wconf 79' lang='lat' dir='ltr'><strong>mentium</strong></span> <span class='ocrx_word' id='word_1_331' title='bbox 665 2860 820 2926; x_wconf 84' lang='lat' dir='ltr'><strong>suaderet,</strong></span> <span class='ocrx_word' id='word_1_332' title='bbox 849 2862 921 2916; x_wconf 89' lang='lat' dir='ltr'><strong>nibil</strong></span> <span class='ocrx_word' id='word_1_333' title='bbox 942 2859 978 2916; x_wconf 88' lang='lat' dir='ltr'><strong>ab</strong></span> <span class='ocrx_word' id='word_1_334' title='bbox 1004 2879 1039 2914; x_wconf 90' lang='lat' dir='ltr'><strong>eo</strong></span> <span class='ocrx_word' id='word_1_335' title='bbox 1064 2861 1158 2933; x_wconf 91' lang='lat' dir='ltr'><strong>impc—</strong></span> <span class='ocrx_word' id='word_1_336' title='bbox 1187 2862 1312 2915; x_wconf 88' lang='lat' dir='ltr'><strong>soumiis</strong></span> <span class='ocrx_word' id='word_1_337' title='bbox 1349 2861 1431 2916; x_wconf 84' lang='lat' dir='ltr'><strong>credi</strong></span> <span class='ocrx_word' id='word_1_338' title='bbox 1467 2880 1527 2916; x_wconf 90' lang='lat' dir='ltr'><strong>non</strong></span> <span class='ocrx_word' id='word_1_339' title='bbox 1563 2872 1713 2933; x_wconf 89' lang='lat' dir='ltr'><strong>oportere.</strong></span> <span class='ocrx_word' id='word_1_340' title='bbox 1758 2861 1843 2917; x_wconf 91' lang='lat' dir='ltr'><strong>Idem</strong></span> 
     </span>
     <span class='ocr_line' id='line_1_31' title="bbox 498 2932 1845 3010; baseline -0.001 -17"><span class='ocrx_word' id='word_1_341' title='bbox 498 2937 602 2993; x_wconf 70' lang='lat' dir='ltr'><strong>trusit.</strong></span> <span class='ocrx_word' id='word_1_342' title='bbox 652 2932 757 2992; x_wconf 88' lang='lat' dir='ltr'><strong>Paullo</strong></span> <span class='ocrx_word' id='word_1_343' title='bbox 783 2947 850 3009; x_wconf 89' lang='lat' dir='ltr'><strong>post</strong></span> <span class='ocrx_word' id='word_1_344' title='bbox 876 2940 906 2992; x_wconf 90' lang='lat' dir='ltr'><strong>in</strong></span> <span class='ocrx_word' id='word_1_345' title='bbox 930 2935 1033 2990; x_wconf 90' lang='lat' dir='ltr'><strong>cadem</strong></span> <span class='ocrx_word' id='word_1_346' title='bbox 1058 2934 1156 2993; x_wconf 88' lang='lat' dir='ltr'><strong>insula</strong></span> <span class='ocrx_word' id='word_1_347' title='bbox 1188 2947 1292 2990; x_wconf 89' lang='lat' dir='ltr'><strong>contra</strong></span> <span class='ocrx_word' id='word_1_348' title='bbox 1319 2947 1435 2993; x_wconf 79' lang='lat' dir='ltr'><strong>ostenta</strong></span> <span class='ocrx_word' id='word_1_349' title='bbox 1455 2936 1528 2992; x_wconf 87' lang='lat' dir='ltr'><strong>nihil</strong></span> <span class='ocrx_word' id='word_1_350' title='bbox 1554 2937 1685 3010; x_wconf 82' lang='lat' dir='ltr'><strong>disputat</strong></span> <span class='ocrx_word' id='word_1_351' title='bbox 1703 2941 1845 3010; x_wconf 84' lang='lat' dir='ltr'><strong>exponit·</strong></span> 
     </span>
     <span class='ocr_line' id='line_1_32' title="bbox 497 3008 1844 3086; baseline 0 -17"><span class='ocrx_word' id='word_1_352' title='bbox 497 3008 606 3069; x_wconf 75' lang='lat' dir='ltr'><strong>morbo</strong></span> <span class='ocrx_word' id='word_1_353' title='bbox 636 3009 811 3085; x_wconf 89' lang='lat' dir='ltr'><strong>absumptus</strong></span> <span class='ocrx_word' id='word_1_354' title='bbox 841 3023 884 3066; x_wconf 90' lang='lat' dir='ltr'><strong>est</strong></span> <span class='ocrx_word' id='word_1_355' title='bbox 914 3014 1087 3067; x_wconf 76' lang='lat' dir='ltr'><strong>circitare.</strong></span> <span class='ocrx_word' id='word_1_356' title='bbox 1111 3016 1155 3066; x_wconf 89' lang='grc'><strong>52.</strong></span> <span class='ocrx_word' id='word_1_357' title='bbox 1187 3030 1244 3086; x_wconf 92' lang='lat' dir='ltr'><strong>que</strong></span> <span class='ocrx_word' id='word_1_358' title='bbox 1277 3013 1362 3065; x_wconf 87' lang='lat' dir='ltr'><strong>initio</strong></span> <span class='ocrx_word' id='word_1_359' title='bbox 1397 3008 1466 3067; x_wconf 85' lang='lat' dir='ltr'><strong>belli</strong></span> <span class='ocrx_word' id='word_1_360' title='bbox 1499 3011 1623 3068; x_wconf 75' lang='lat' dir='ltr'><strong>Marsici</strong></span> <span class='ocrx_word' id='word_1_361' title='bbox 1655 3023 1684 3066; x_wconf 91' lang='lat' dir='ltr'><strong>et</strong></span> <span class='ocrx_word' id='word_1_362' title='bbox 1714 3013 1844 3069; x_wconf 88' lang='lat' dir='ltr'><strong>deorum</strong></span> 
     </span>
     <span class='ocr_line' id='line_1_33' title="bbox 497 3085 1844 3159; baseline 0.001 -17"><span class='ocrx_word' id='word_1_363' title='bbox 497 3096 597 3143; x_wconf 82' lang='lat' dir='ltr'><strong>natus.</strong></span> <span class='ocrx_word' id='word_1_364' title='bbox 629 3085 686 3142; x_wconf 90' lang='lat' dir='ltr'><strong>Dio</strong></span> <span class='ocrx_word' id='word_1_365' title='bbox 704 3086 788 3143; x_wconf 87' lang='lat' dir='ltr'><strong>Cass.</strong></span> <span class='ocrx_word' id='word_1_366' title='bbox 805 3090 857 3152; x_wconf 87' lang='grc'><strong>56,</strong></span> <span class='ocrx_word' id='word_1_367' title='bbox 880 3095 906 3142; x_wconf 86' lang='grc'><strong>2.</strong></span> <span class='ocrx_word' id='word_1_368' title='bbox 936 3086 999 3142; x_wconf 80' lang='lat' dir='ltr'><strong>th.</strong></span> <span class='ocrx_word' id='word_1_369' title='bbox 1021 3085 1057 3140; x_wconf 91' lang='lat' dir='ltr'><strong>L.</strong></span> <span class='ocrx_word' id='word_1_370' title='bbox 1080 3085 1157 3142; x_wconf 84' lang='lat' dir='ltr'><strong>Cor·</strong></span> <span class='ocrx_word' id='word_1_371' title='bbox 1186 3086 1348 3142; x_wconf 87' lang='lat' dir='ltr'><strong>simulacra</strong></span> <span class='ocrx_word' id='word_1_372' title='bbox 1370 3087 1525 3142; x_wconf 82' lang='lat' dir='ltr'><strong>sudavisse</strong></span> <span class='ocrx_word' id='word_1_373' title='bbox 1547 3087 1844 3159; x_wconf 74' lang='lat' dir='ltr'><strong>ctsanguinemllu-</strong></span> 
     </span>
     <span class='ocr_line' id='line_1_34' title="bbox 497 3160 1844 3227; baseline 0.001 -9"><span class='ocrx_word' id='word_1_374' title='bbox 497 3163 570 3218; x_wconf 88' lang='lat' dir='ltr'><strong>nelii</strong></span> <span class='ocrx_word' id='word_1_375' title='bbox 590 3160 753 3227; x_wconf 89' lang='lat' dir='ltr'><strong>Sisennae,</strong></span> <span class='ocrx_word' id='word_1_376' title='bbox 780 3162 916 3216; x_wconf 78' lang='lat' dir='ltr'><strong>historici</strong></span> <span class='ocrx_word' id='word_1_377' title='bbox 942 3162 1086 3227; x_wconf 68' lang='lat' dir='ltr'><strong>bostanni,</strong></span> <span class='ocrx_word' id='word_1_378' title='bbox 1111 3162 1158 3215; x_wconf 86' lang='lat' dir='ltr'><strong>vi·</strong></span> <span class='ocrx_word' id='word_1_379' title='bbox 1188 3163 1267 3216; x_wconf 86' lang='lat' dir='ltr'><strong>xisse</strong></span> <span class='ocrx_word' id='word_1_380' title='bbox 1282 3173 1310 3216; x_wconf 88' lang='lat' dir='ltr'><strong>et</strong></span> <span class='ocrx_word' id='word_1_381' title='bbox 1325 3163 1499 3218; x_wconf 86' lang='lat' dir='ltr'><strong>discessisse</strong></span> <span class='ocrx_word' id='word_1_382' title='bbox 1515 3164 1628 3218; x_wconf 88' lang='lat' dir='ltr'><strong>caelum</strong></span> <span class='ocrx_word' id='word_1_383' title='bbox 1644 3173 1700 3218; x_wconf 91' lang='lat' dir='ltr'><strong>cet.</strong></span> <span class='ocrx_word' id='word_1_384' title='bbox 1729 3164 1765 3218; x_wconf 92' lang='lat' dir='ltr'><strong>de</strong></span> <span class='ocrx_word' id='word_1_385' title='bbox 1787 3164 1844 3219; x_wconf 87' lang='lat' dir='ltr'><strong>Di-</strong></span> 
     </span>
     <span class='ocr_line' id='line_1_35' title="bbox 498 3235 1844 3311; baseline 0.001 -19"><span class='ocrx_word' id='word_1_386' title='bbox 498 3247 559 3293; x_wconf 83' lang='lat' dir='ltr'><strong>tatn</strong></span> <span class='ocrx_word' id='word_1_387' title='bbox 582 3239 767 3311; x_wconf 91' lang='lat' dir='ltr'><strong>conscripsit</strong></span> <span class='ocrx_word' id='word_1_388' title='bbox 790 3236 859 3293; x_wconf 89' lang='lat' dir='ltr'><strong>Car.</strong></span> <span class='ocrx_word' id='word_1_389' title='bbox 884 3237 960 3293; x_wconf 90' lang='lat' dir='ltr'><strong>Lud.</strong></span> <span class='ocrx_word' id='word_1_390' title='bbox 987 3236 1074 3292; x_wconf 80' lang='lat' dir='ltr'><strong>Roth.</strong></span> <span class='ocrx_word' id='word_1_391' title='bbox 1098 3235 1157 3291; x_wconf 88' lang='lat' dir='ltr'><strong>Ba·</strong></span> <span class='ocrx_word' id='word_1_392' title='bbox 1187 3241 1246 3292; x_wconf 79' lang='lat' dir='ltr'><strong>vin.</strong></span> <span class='ocrx_word' id='word_1_393' title='bbox 1259 3238 1339 3303; x_wconf 80' lang='lat' dir='ltr'><strong>1,dl,</strong></span> <span class='ocrx_word' id='word_1_394' title='bbox 1350 3242 1396 3295; x_wconf 82' lang='grc'><strong>99.</strong></span> <span class='ocrx_word' id='word_1_395' title='bbox 1414 3269 1444 3277; x_wconf 97' lang='lat'>-</span> <span class='ocrx_word' id='word_1_396' title='bbox 1462 3239 1535 3293; x_wconf 88' lang='lat' dir='ltr'><strong>lbid.</strong></span> <span class='ocrx_word' id='word_1_397' title='bbox 1550 3245 1595 3304; x_wconf 85' lang='grc'><strong>55,</strong></span> <span class='ocrx_word' id='word_1_398' title='bbox 1611 3246 1655 3293; x_wconf 83' lang='grc'><strong>72.</strong></span> <span class='ocrx_word' id='word_1_399' title='bbox 1668 3241 1782 3294; x_wconf 89' lang='lat' dir='ltr'><strong>ineerta</strong></span> <span class='ocrx_word' id='word_1_400' title='bbox 1797 3252 1844 3294; x_wconf 90' lang='lat' dir='ltr'><strong>est</strong></span> 
     </span>
     <span class='ocr_line' id='line_1_36' title="bbox 498 3310 1844 3385; baseline -0.004 -13"><span class='ocrx_word' id='word_1_401' title='bbox 498 3311 591 3372; x_wconf 79' lang='lat' dir='ltr'><strong>sileae</strong></span> <span class='ocrx_word' id='word_1_402' title='bbox 619 3316 701 3372; x_wconf 75' lang='grc'><strong>1859.</strong></span> <span class='ocrx_word' id='word_1_403' title='bbox 732 3315 774 3378; x_wconf 66' lang='lat' dir='ltr'><strong>ln,</strong></span> <span class='ocrx_word' id='word_1_404' title='bbox 812 3331 898 3385; x_wconf 89' lang='lat' dir='ltr'><strong>quem</strong></span> <span class='ocrx_word' id='word_1_405' title='bbox 929 3314 960 3369; x_wconf 91' lang='lat' dir='ltr'><strong>in</strong></span> <span class='ocrx_word' id='word_1_406' title='bbox 989 3313 1034 3366; x_wconf 89' lang='lat' dir='ltr'><strong>his</strong></span> <span class='ocrx_word' id='word_1_407' title='bbox 1062 3313 1156 3366; x_wconf 90' lang='lat' dir='ltr'><strong>secuti</strong></span> <span class='ocrx_word' id='word_1_408' title='bbox 1188 3315 1293 3377; x_wconf 78' lang='lat' dir='ltr'><strong>lectio,</strong></span> <span class='ocrx_word' id='word_1_409' title='bbox 1322 3332 1390 3368; x_wconf 91' lang='lat' dir='ltr'><strong>nam</strong></span> <span class='ocrx_word' id='word_1_410' title='bbox 1415 3333 1482 3368; x_wconf 91' lang='lat' dir='ltr'><strong>cum</strong></span> <span class='ocrx_word' id='word_1_411' title='bbox 1502 3313 1595 3369; x_wconf 91' lang='lat' dir='ltr'><strong>Codd.</strong></span> <span class='ocrx_word' id='word_1_412' title='bbox 1617 3310 1746 3368; x_wconf 87' lang='lat' dir='ltr'><strong>habeant</strong></span> <span class='ocrx_word' id='word_1_413' title='bbox 1767 3322 1844 3366; x_wconf 80' lang='lat' dir='ltr'><strong>utin</strong></span> 
     </span>
     <span class='ocr_line' id='line_1_37' title="bbox 499 3386 1843 3465; baseline 0.001 -23"><span class='ocrx_word' id='word_1_414' title='bbox 499 3406 613 3443; x_wconf 77' lang='lat' dir='ltr'><strong>sumus.</strong></span> <span class='ocrx_word' id='word_1_415' title='bbox 638 3386 935 3443; x_wconf 74' lang='lat' dir='ltr'><strong>Cir.eliatttli1·ause</strong></span> <span class='ocrx_word' id='word_1_416' title='bbox 955 3388 1073 3458; x_wconf 76' lang='lat' dir='ltr'><strong>Fragtn.</strong></span> <span class='ocrx_word' id='word_1_417' title='bbox 1088 3388 1156 3441; x_wconf 82' lang='lat' dir='ltr'><strong>hist.</strong></span> <span class='ocrx_word' id='word_1_418' title='bbox 1186 3390 1279 3438; x_wconf 75' lang='lat' dir='ltr'><strong>Sullae</strong></span> <span class='ocrx_word' id='word_1_419' title='bbox 1292 3396 1426 3465; x_wconf 65' lang='lat' dir='ltr'><strong>scsiptum</strong></span> <span class='ocrx_word' id='word_1_420' title='bbox 1440 3390 1559 3440; x_wconf 74' lang='lat' dir='ltr'><strong>historin</strong></span> <span class='ocrx_word' id='word_1_421' title='bbox 1570 3391 1749 3456; x_wconf 78' lang='lat' dir='ltr'><strong>valemaspd</strong></span> <span class='ocrx_word' id='word_1_422' title='bbox 1761 3390 1843 3464; x_wconf 86' lang='lat' dir='ltr'><strong>quod</strong></span> 
     </span>
     <span class='ocr_line' id='line_1_38' title="bbox 499 3461 1842 3537; baseline -0.002 -18"><span class='ocrx_word' id='word_1_423' title='bbox 499 3461 566 3519; x_wconf 89' lang='lat' dir='ltr'><strong>Lat.</strong></span> <span class='ocrx_word' id='word_1_424' title='bbox 590 3482 619 3536; x_wconf 89' lang='lat' dir='ltr'><strong>p.</strong></span> <span class='ocrx_word' id='word_1_425' title='bbox 634 3466 699 3521; x_wconf 85' lang='grc'><strong>299.</strong></span> <span class='ocrx_word' id='word_1_426' title='bbox 719 3494 749 3504; x_wconf 98' lang='grc'><strong>-</strong></span> <span class='ocrx_word' id='word_1_427' title='bbox 765 3463 799 3518; x_wconf 89' lang='lat' dir='ltr'><strong>L.</strong></span> <span class='ocrx_word' id='word_1_428' title='bbox 816 3462 963 3526; x_wconf 85' lang='lat' dir='ltr'><strong>Sisenna,</strong></span> <span class='ocrx_word' id='word_1_429' title='bbox 988 3463 1093 3516; x_wconf 88' lang='lat' dir='ltr'><strong>doctus</strong></span> <span class='ocrx_word' id='word_1_430' title='bbox 1111 3466 1156 3516; x_wconf 80' lang='grc' dir='ltr'><strong>ιιι·</strong></span> <span class='ocrx_word' id='word_1_431' title='bbox 1187 3465 1276 3518; x_wconf 86' lang='lat' dir='ltr'><strong>Giese</strong></span> <span class='ocrx_word' id='word_1_432' title='bbox 1293 3465 1457 3537; x_wconf 86' lang='lat' dir='ltr'><strong>praetulit),</strong></span> <span class='ocrx_word' id='word_1_433' title='bbox 1474 3465 1562 3537; x_wconf 69' lang='lat' dir='ltr'><strong>volgo</strong></span> <span class='ocrx_word' id='word_1_434' title='bbox 1578 3465 1691 3519; x_wconf 82' lang='lat' dir='ltr'><strong>editur:</strong></span> <span class='ocrx_word' id='word_1_435' title='bbox 1709 3476 1738 3516; x_wconf 84' lang='lat' dir='ltr'><strong>nt</strong></span> <span class='ocrx_word' id='word_1_436' title='bbox 1752 3472 1782 3516; x_wconf 83' lang='lat' dir='ltr'><strong>ia</strong></span> <span class='ocrx_word' id='word_1_437' title='bbox 1796 3467 1842 3517; x_wconf 81' lang='lat' dir='ltr'><strong>Si-</strong></span> 
     </span>
     <span class='ocr_line' id='line_1_39' title="bbox 499 3537 1737 3612; baseline -0.004 -18"><span class='ocrx_word' id='word_1_438' title='bbox 499 3548 530 3594; x_wconf 79' lang='lat' dir='ltr'><strong>et</strong></span> <span class='ocrx_word' id='word_1_439' title='bbox 551 3538 659 3593; x_wconf 80' lang='lat' dir='ltr'><strong>studiis</strong></span> <span class='ocrx_word' id='word_1_440' title='bbox 686 3540 805 3612; x_wconf 76' lang='lat' dir='ltr'><strong>optimis</strong></span> <span class='ocrx_word' id='word_1_441' title='bbox 831 3539 966 3603; x_wconf 85' lang='lat' dir='ltr'><strong>deditus,</strong></span> <span class='ocrx_word' id='word_1_442' title='bbox 993 3537 1068 3591; x_wconf 81' lang='lat' dir='ltr'><strong>bene</strong></span> <span class='ocrx_word' id='word_1_443' title='bbox 1093 3538 1155 3592; x_wconf 80' lang='lat' dir='ltr'><strong>La·</strong></span> <span class='ocrx_word' id='word_1_444' title='bbox 1186 3559 1289 3590; x_wconf 80' lang='lat' dir='ltr'><strong>scimue</strong></span> <span class='ocrx_word' id='word_1_445' title='bbox 1308 3546 1441 3610; x_wconf 84' lang='lat' dir='ltr'><strong>scriptum</strong></span> <span class='ocrx_word' id='word_1_446' title='bbox 1461 3539 1581 3592; x_wconf 77' lang='lat' dir='ltr'><strong>historia</strong></span> <span class='ocrx_word' id='word_1_447' title='bbox 1599 3542 1737 3595; x_wconf 82' lang='lat' dir='ltr'><strong>videmus.</strong></span> 
     </span>
    </p>
   </div>
   <div class='ocr_carea' id='block_1_8' title="bbox 405 3612 1154 3689">
    <p class='ocr_par' dir='ltr' id='par_1_10' title="bbox 405 3612 1154 3689">
     <span class='ocr_line' id='line_1_40' title="bbox 405 3612 1154 3689; baseline -0.004 -20"><span class='ocrx_word' id='word_1_448' title='bbox 405 3682 409 3689; x_wconf 31' lang='grc' dir='ltr'>Ι</span> <span class='ocrx_word' id='word_1_449' title='bbox 498 3614 560 3669; x_wconf 86' lang='lat' dir='ltr'><strong>tine</strong></span> <span class='ocrx_word' id='word_1_450' title='bbox 594 3614 742 3688; x_wconf 89' lang='lat' dir='ltr'><strong>loquens,</strong></span> <span class='ocrx_word' id='word_1_451' title='bbox 777 3632 902 3689; x_wconf 84' lang='lat' dir='ltr'><strong>guarus·</strong></span> <span class='ocrx_word' id='word_1_452' title='bbox 922 3616 965 3668; x_wconf 86' lang='lat' dir='ltr'><strong>rei</strong></span> <span class='ocrx_word' id='word_1_453' title='bbox 998 3612 1154 3685; x_wconf 88' lang='lat' dir='ltr'><strong>publicae,</strong></span> 
     </span>
    </p>
   </div>
   <div class='ocr_carea' id='block_1_9' title="bbox 419 3686 1842 5278">
    <p class='ocr_par' dir='ltr' id='par_1_11' title="bbox 419 3686 1842 5278">
     <span class='ocr_line' id='line_1_41' title="bbox 498 3686 1840 3762; baseline 0.002 -19"><span class='ocrx_word' id='word_1_454' title='bbox 498 3705 561 3744; x_wconf 87' lang='lat' dir='ltr'><strong>non</strong></span> <span class='ocrx_word' id='word_1_455' title='bbox 585 3707 649 3744; x_wconf 86' lang='lat' dir='ltr'><strong>sine</strong></span> <span class='ocrx_word' id='word_1_456' title='bbox 677 3689 811 3753; x_wconf 79' lang='lat' dir='ltr'><strong>facetiis3</strong></span> <span class='ocrx_word' id='word_1_457' title='bbox 846 3688 897 3743; x_wconf 88' lang='lat' dir='ltr'><strong>sed</strong></span> <span class='ocrx_word' id='word_1_458' title='bbox 922 3707 1017 3762; x_wconf 87' lang='lat' dir='ltr'><strong>neque</strong></span> <span class='ocrx_word' id='word_1_459' title='bbox 1041 3686 1155 3742; x_wconf 88' lang='lat' dir='ltr'><strong>laboris</strong></span> <span class='ocrx_word' id='word_1_460' title='bbox 1223 3688 1258 3744; x_wconf 90' lang='lat' dir='ltr'><strong>L.</strong></span> <span class='ocrx_word' id='word_1_461' title='bbox 1289 3687 1458 3744; x_wconf 72' lang='lat' dir='ltr'><strong>Cumanos</strong></span> <span class='ocrx_word' id='word_1_462' title='bbox 1488 3688 1525 3742; x_wconf 91' lang='lat' dir='ltr'><strong>L.</strong></span> <span class='ocrx_word' id='word_1_463' title='bbox 1554 3686 1587 3744; x_wconf 88' lang='lat' dir='ltr'><strong>F.</strong></span> <span class='ocrx_word' id='word_1_464' title='bbox 1612 3689 1646 3744; x_wconf 93' lang='lat' dir='ltr'><strong>P.</strong></span> <span class='ocrx_word' id='word_1_465' title='bbox 1670 3689 1708 3744; x_wconf 90' lang='lat' dir='ltr'><strong>N.</strong></span> <span class='ocrx_word' id='word_1_466' title='bbox 1735 3690 1840 3747; x_wconf 74' lang='lat' dir='ltr'><strong>Suana</strong></span> 
     </span>
     <span class='ocr_line' id='line_1_42' title="bbox 498 3763 1841 3839; baseline 0.002 -20"><span class='ocrx_word' id='word_1_467' title='bbox 498 3763 584 3819; x_wconf 85' lang='lat' dir='ltr'><strong>inulti</strong></span> <span class='ocrx_word' id='word_1_468' title='bbox 616 3782 672 3819; x_wconf 92' lang='lat' dir='ltr'><strong>nec</strong></span> <span class='ocrx_word' id='word_1_469' title='bbox 706 3765 778 3820; x_wconf 91' lang='lat' dir='ltr'><strong>satis</strong></span> <span class='ocrx_word' id='word_1_470' title='bbox 813 3774 947 3819; x_wconf 82' lang='lat' dir='ltr'><strong>versatus</strong></span> <span class='ocrx_word' id='word_1_471' title='bbox 976 3767 1005 3818; x_wconf 92' lang='lat' dir='ltr'><strong>in</strong></span> <span class='ocrx_word' id='word_1_472' title='bbox 1037 3767 1154 3827; x_wconf 87' lang='lat' dir='ltr'><strong>causis;</strong></span> <span class='ocrx_word' id='word_1_473' title='bbox 1186 3763 1290 3818; x_wconf 71' lang='lat' dir='ltr'><strong>trux.</strong></span> <span class='ocrx_word' id='word_1_474' title='bbox 1330 3763 1429 3829; x_wconf 88' lang='lat' dir='ltr'><strong>Ei,C.</strong></span> <span class='ocrx_word' id='word_1_475' title='bbox 1447 3763 1534 3819; x_wconf 82' lang='lat' dir='ltr'><strong>illarii</strong></span> <span class='ocrx_word' id='word_1_476' title='bbox 1557 3769 1730 3839; x_wconf 84' lang='lat' dir='ltr'><strong>quaestori,</strong></span> <span class='ocrx_word' id='word_1_477' title='bbox 1756 3766 1841 3822; x_wconf 89' lang='lat' dir='ltr'><strong>Boc-</strong></span> 
     </span>
     <span class='ocr_line' id='line_1_43' title="bbox 498 3839 1841 3913; baseline 0 -18"><span class='ocrx_word' id='word_1_478' title='bbox 498 3840 735 3913; x_wconf 88' lang='lat' dir='ltr'><strong>interiectusque</strong></span> <span class='ocrx_word' id='word_1_479' title='bbox 757 3842 836 3894; x_wconf 88' lang='lat' dir='ltr'><strong>inter</strong></span> <span class='ocrx_word' id='word_1_480' title='bbox 857 3840 929 3894; x_wconf 88' lang='lat' dir='ltr'><strong>duas</strong></span> <span class='ocrx_word' id='word_1_481' title='bbox 948 3850 1059 3893; x_wconf 88' lang='lat' dir='ltr'><strong>aetates</strong></span> <span class='ocrx_word' id='word_1_482' title='bbox 1074 3839 1156 3893; x_wconf 87' lang='lat' dir='ltr'><strong>llnr-</strong></span> <span class='ocrx_word' id='word_1_483' title='bbox 1186 3842 1258 3893; x_wconf 83' lang='lat' dir='ltr'><strong>clius</strong></span> <span class='ocrx_word' id='word_1_484' title='bbox 1280 3839 1454 3909; x_wconf 73' lang='lat' dir='ltr'><strong>Iugurtham</strong></span> <span class='ocrx_word' id='word_1_485' title='bbox 1476 3841 1566 3895; x_wconf 88' lang='lat' dir='ltr'><strong>tradit</strong></span> <span class='ocrx_word' id='word_1_486' title='bbox 1586 3862 1612 3894; x_wconf 93' lang='lat' dir='ltr'><strong>a.</strong></span> <span class='ocrx_word' id='word_1_487' title='bbox 1629 3860 1657 3895; x_wconf 93' lang='lat' dir='ltr'><strong>u.</strong></span> <span class='ocrx_word' id='word_1_488' title='bbox 1677 3861 1704 3896; x_wconf 87' lang='lat' dir='ltr'><strong>c.</strong></span> <span class='ocrx_word' id='word_1_489' title='bbox 1723 3846 1790 3900; x_wconf 72' lang='grc'><strong>618.</strong></span> <span class='ocrx_word' id='word_1_490' title='bbox 1805 3873 1841 3883; x_wconf 91' lang='grc'>-</span> 
     </span>
     <span class='ocr_line' id='line_1_44' title="bbox 497 3912 1841 3988; baseline 0.001 -18"><span class='ocrx_word' id='word_1_491' title='bbox 497 3915 589 3970; x_wconf 83' lang='lat' dir='ltr'><strong>tensii</strong></span> <span class='ocrx_word' id='word_1_492' title='bbox 614 3925 642 3969; x_wconf 91' lang='lat' dir='ltr'><strong>et</strong></span> <span class='ocrx_word' id='word_1_493' title='bbox 664 3912 809 3988; x_wconf 76' lang='lat' dir='ltr'><strong>Sulpicii,</strong></span> <span class='ocrx_word' id='word_1_494' title='bbox 837 3932 893 3968; x_wconf 90' lang='lat' dir='ltr'><strong>nec</strong></span> <span class='ocrx_word' id='word_1_495' title='bbox 917 3916 1060 3969; x_wconf 83' lang='lat' dir='ltr'><strong>iiiaiorem</strong></span> <span class='ocrx_word' id='word_1_496' title='bbox 1084 3933 1155 3968; x_wconf 74' lang='lat' dir='ltr'><strong>cun</strong></span> <span class='ocrx_word' id='word_1_497' title='bbox 1186 3915 1360 3968; x_wconf 83' lang='lat' dir='ltr'><strong>Praeturam</strong></span> <span class='ocrx_word' id='word_1_498' title='bbox 1396 3918 1488 3984; x_wconf 72' lang='lat' dir='ltr'><strong>gessit</strong></span> <span class='ocrx_word' id='word_1_499' title='bbox 1513 3936 1539 3969; x_wconf 78' lang='lat' dir='ltr'><strong>a.</strong></span> <span class='ocrx_word' id='word_1_500' title='bbox 1561 3935 1589 3970; x_wconf 91' lang='lat' dir='ltr'><strong>u.</strong></span> <span class='ocrx_word' id='word_1_501' title='bbox 1613 3936 1639 3971; x_wconf 89' lang='lat' dir='ltr'><strong>c.</strong></span> <span class='ocrx_word' id='word_1_502' title='bbox 1661 3921 1728 3975; x_wconf 80' lang='lat'><strong>661.</strong></span> <span class='ocrx_word' id='word_1_503' title='bbox 1779 3918 1841 3973; x_wconf 89' lang='lat' dir='ltr'><strong>Pro</strong></span> 
     </span>
     <span class='ocr_line' id='line_1_45' title="bbox 498 3989 1842 4065; baseline 0.001 -20"><span class='ocrx_word' id='word_1_504' title='bbox 498 3989 585 4063; x_wconf 85' lang='lat' dir='ltr'><strong>sequi</strong></span> <span class='ocrx_word' id='word_1_505' title='bbox 607 4000 726 4064; x_wconf 88' lang='lat' dir='ltr'><strong>poterat</strong></span> <span class='ocrx_word' id='word_1_506' title='bbox 751 4001 780 4044; x_wconf 92' lang='lat' dir='ltr'><strong>et</strong></span> <span class='ocrx_word' id='word_1_507' title='bbox 806 3991 918 4053; x_wconf 86' lang='lat' dir='ltr'><strong>minori</strong></span> <span class='ocrx_word' id='word_1_508' title='bbox 943 4008 1066 4045; x_wconf 79' lang='lat' dir='ltr'><strong>itecesse</strong></span> <span class='ocrx_word' id='word_1_509' title='bbox 1091 3999 1155 4044; x_wconf 86' lang='lat' dir='ltr'><strong>crat</strong></span> <span class='ocrx_word' id='word_1_510' title='bbox 1186 4002 1325 4062; x_wconf 85' lang='lat' dir='ltr'><strong>praetore</strong></span> <span class='ocrx_word' id='word_1_511' title='bbox 1350 3990 1440 4045; x_wconf 81' lang='lat' dir='ltr'><strong>Asiae</strong></span> <span class='ocrx_word' id='word_1_512' title='bbox 1466 3989 1707 4047; x_wconf 82' lang='lat' dir='ltr'><strong>Ariobarzanem</strong></span> <span class='ocrx_word' id='word_1_513' title='bbox 1739 4011 1842 4065; x_wconf 77' lang='lat' dir='ltr'><strong>regem</strong></span> 
     </span>
     <span class='ocr_line' id='line_1_46' title="bbox 498 4063 1842 4139; baseline -0.001 -16"><span class='ocrx_word' id='word_1_514' title='bbox 498 4067 617 4123; x_wconf 83' lang='lat' dir='ltr'><strong>cedere.</strong></span> <span class='ocrx_word' id='word_1_515' title='bbox 658 4063 754 4121; x_wconf 89' lang='lat' dir='ltr'><strong>Huius</strong></span> <span class='ocrx_word' id='word_1_516' title='bbox 778 4067 875 4120; x_wconf 83' lang='lat' dir='ltr'><strong>otiinis</strong></span> <span class='ocrx_word' id='word_1_517' title='bbox 897 4066 1023 4121; x_wconf 81' lang='lat' dir='ltr'><strong>facultas</strong></span> <span class='ocrx_word' id='word_1_518' title='bbox 1048 4083 1084 4120; x_wconf 85' lang='lat' dir='ltr'><strong>ex</strong></span> <span class='ocrx_word' id='word_1_519' title='bbox 1109 4067 1153 4120; x_wconf 92' lang='lat' dir='ltr'><strong>bi·</strong></span> <span class='ocrx_word' id='word_1_520' title='bbox 1185 4066 1392 4139; x_wconf 84' lang='lat' dir='ltr'><strong>Cappadociae</strong></span> <span class='ocrx_word' id='word_1_521' title='bbox 1423 4068 1551 4121; x_wconf 89' lang='lat' dir='ltr'><strong>instituit</strong></span> <span class='ocrx_word' id='word_1_522' title='bbox 1577 4086 1605 4120; x_wconf 88' lang='lat' dir='ltr'><strong>a.</strong></span> <span class='ocrx_word' id='word_1_523' title='bbox 1630 4071 1696 4126; x_wconf 86' lang='grc'><strong>662.</strong></span> <span class='ocrx_word' id='word_1_524' title='bbox 1739 4068 1842 4139; x_wconf 74' lang='lat' dir='ltr'><strong>Lega-</strong></span> 
     </span>
     <span class='ocr_line' id='line_1_47' title="bbox 500 4140 1841 4215; baseline 0.001 -17"><span class='ocrx_word' id='word_1_525' title='bbox 500 4141 595 4198; x_wconf 85' lang='lat' dir='ltr'><strong>storia</strong></span> <span class='ocrx_word' id='word_1_526' title='bbox 628 4142 722 4214; x_wconf 90' lang='lat' dir='ltr'><strong>ipsius</strong></span> <span class='ocrx_word' id='word_1_527' title='bbox 754 4142 886 4215; x_wconf 86' lang='lat' dir='ltr'><strong>perspici</strong></span> <span class='ocrx_word' id='word_1_528' title='bbox 924 4151 1040 4214; x_wconf 90' lang='lat' dir='ltr'><strong>potest,</strong></span> <span class='ocrx_word' id='word_1_529' title='bbox 1080 4160 1153 4215; x_wconf 87' lang='lat' dir='ltr'><strong>quac</strong></span> <span class='ocrx_word' id='word_1_530' title='bbox 1185 4153 1231 4195; x_wconf 90' lang='lat' dir='ltr'><strong>tus</strong></span> <span class='ocrx_word' id='word_1_531' title='bbox 1273 4141 1309 4196; x_wconf 89' lang='lat' dir='ltr'><strong>L.</strong></span> <span class='ocrx_word' id='word_1_532' title='bbox 1348 4140 1485 4196; x_wconf 87' lang='lat' dir='ltr'><strong>Caesaris</strong></span> <span class='ocrx_word' id='word_1_533' title='bbox 1536 4146 1568 4196; x_wconf 93' lang='lat' dir='ltr'><strong>in</strong></span> <span class='ocrx_word' id='word_1_534' title='bbox 1608 4142 1686 4197; x_wconf 86' lang='lat' dir='ltr'><strong>bello</strong></span> <span class='ocrx_word' id='word_1_535' title='bbox 1735 4142 1841 4200; x_wconf 86' lang='lat' dir='ltr'><strong>sociali</strong></span> 
     </span>
     <span class='ocr_line' id='line_1_48' title="bbox 499 4215 1841 4290; baseline -0.007 -17"><span class='ocrx_word' id='word_1_536' title='bbox 499 4233 568 4273; x_wconf 86' lang='lat' dir='ltr'><strong>cnm</strong></span> <span class='ocrx_word' id='word_1_537' title='bbox 591 4215 679 4272; x_wconf 79' lang='lat' dir='ltr'><strong>facile</strong></span> <span class='ocrx_word' id='word_1_538' title='bbox 708 4216 809 4271; x_wconf 85' lang='lat' dir='ltr'><strong>vincat</strong></span> <span class='ocrx_word' id='word_1_539' title='bbox 833 4234 937 4272; x_wconf 90' lang='lat' dir='ltr'><strong>omnes</strong></span> <span class='ocrx_word' id='word_1_540' title='bbox 967 4218 1152 4290; x_wconf 87' lang='lat' dir='ltr'><strong>superiores,</strong></span> <span class='ocrx_word' id='word_1_541' title='bbox 1185 4215 1302 4272; x_wconf 72' lang='lat' dir='ltr'><strong>blaesos</strong></span> <span class='ocrx_word' id='word_1_542' title='bbox 1337 4219 1444 4270; x_wconf 73' lang='lat' dir='ltr'><strong>caedit</strong></span> <span class='ocrx_word' id='word_1_543' title='bbox 1480 4235 1506 4271; x_wconf 93' lang='lat' dir='ltr'><strong>a.</strong></span> <span class='ocrx_word' id='word_1_544' title='bbox 1535 4220 1600 4276; x_wconf 84' lang='lat' dir='ltr'><strong>66t.</strong></span> <span class='ocrx_word' id='word_1_545' title='bbox 1627 4249 1656 4258; x_wconf 92' lang='lat'>-</span> <span class='ocrx_word' id='word_1_546' title='bbox 1681 4217 1724 4273; x_wconf 92' lang='lat' dir='ltr'><strong>De</strong></span> <span class='ocrx_word' id='word_1_547' title='bbox 1751 4220 1841 4274; x_wconf 88' lang='lat' dir='ltr'><strong>Sam.</strong></span> 
     </span>
     <span class='ocr_line' id='line_1_49' title="bbox 497 4290 1841 4368; baseline 0.001 -20"><span class='ocrx_word' id='word_1_548' title='bbox 497 4302 562 4348; x_wconf 86' lang='lat' dir='ltr'><strong>tuin</strong></span> <span class='ocrx_word' id='word_1_549' title='bbox 585 4290 699 4347; x_wconf 89' lang='lat' dir='ltr'><strong>indicat</strong></span> <span class='ocrx_word' id='word_1_550' title='bbox 721 4300 837 4359; x_wconf 74' lang='lat' dir='ltr'><strong>tanuen,</strong></span> <span class='ocrx_word' id='word_1_551' title='bbox 869 4303 1014 4368; x_wconf 90' lang='lat' dir='ltr'><strong>quantum</strong></span> <span class='ocrx_word' id='word_1_552' title='bbox 1037 4290 1113 4347; x_wconf 89' lang='lat' dir='ltr'><strong>absit</strong></span> <span class='ocrx_word' id='word_1_553' title='bbox 1138 4313 1152 4346; x_wconf 89' lang='lat' dir='ltr'><strong>a</strong></span> <span class='ocrx_word' id='word_1_554' title='bbox 1185 4295 1289 4346; x_wconf 89' lang='lat' dir='ltr'><strong>uitium</strong></span> <span class='ocrx_word' id='word_1_555' title='bbox 1314 4291 1388 4346; x_wconf 89' lang='lat' dir='ltr'><strong>duce</strong></span> <span class='ocrx_word' id='word_1_556' title='bbox 1411 4292 1549 4347; x_wconf 85' lang='lat' dir='ltr'><strong>Cluentio</strong></span> <span class='ocrx_word' id='word_1_557' title='bbox 1573 4293 1723 4363; x_wconf 73' lang='lat' dir='ltr'><strong>ingentem</strong></span> <span class='ocrx_word' id='word_1_558' title='bbox 1746 4297 1841 4350; x_wconf 80' lang='lat' dir='ltr'><strong>sicto·</strong></span> 
     </span>
     <span class='ocr_line' id='line_1_50' title="bbox 498 4367 1840 4443; baseline 0.002 -19"><span class='ocrx_word' id='word_1_559' title='bbox 498 4386 616 4424; x_wconf 84' lang='lat' dir='ltr'><strong>summo</strong></span> <span class='ocrx_word' id='word_1_560' title='bbox 639 4386 785 4443; x_wconf 82' lang='lat' dir='ltr'><strong>quatitque</strong></span> <span class='ocrx_word' id='word_1_561' title='bbox 810 4369 866 4423; x_wconf 88' lang='lat' dir='ltr'><strong>hoe</strong></span> <span class='ocrx_word' id='word_1_562' title='bbox 890 4387 983 4441; x_wconf 73' lang='lat' dir='ltr'><strong>genus</strong></span> <span class='ocrx_word' id='word_1_563' title='bbox 1010 4371 1154 4442; x_wconf 88' lang='lat' dir='ltr'><strong>scriptio·</strong></span> <span class='ocrx_word' id='word_1_564' title='bbox 1184 4370 1258 4422; x_wconf 86' lang='lat' dir='ltr'><strong>riam</strong></span> <span class='ocrx_word' id='word_1_565' title='bbox 1301 4376 1438 4442; x_wconf 85' lang='lat' dir='ltr'><strong>reportat</strong></span> <span class='ocrx_word' id='word_1_566' title='bbox 1473 4378 1502 4421; x_wconf 92' lang='lat' dir='ltr'><strong>et</strong></span> <span class='ocrx_word' id='word_1_567' title='bbox 1534 4367 1700 4424; x_wconf 74' lang='lat' dir='ltr'><strong>Bovianum</strong></span> <span class='ocrx_word' id='word_1_568' title='bbox 1745 4373 1840 4443; x_wconf 86' lang='lat' dir='ltr'><strong>capit.</strong></span> 
     </span>
     <span class='ocr_line' id='line_1_51' title="bbox 498 4443 1840 4518; baseline 0.001 -19"><span class='ocrx_word' id='word_1_569' title='bbox 498 4445 547 4499; x_wconf 87' lang='lat' dir='ltr'><strong>nis</strong></span> <span class='ocrx_word' id='word_1_570' title='bbox 571 4443 704 4499; x_wconf 89' lang='lat' dir='ltr'><strong>nondum</strong></span> <span class='ocrx_word' id='word_1_571' title='bbox 729 4446 767 4498; x_wconf 93' lang='lat' dir='ltr'><strong>sit</strong></span> <span class='ocrx_word' id='word_1_572' title='bbox 796 4447 869 4498; x_wconf 84' lang='lat' dir='ltr'><strong>satis</strong></span> <span class='ocrx_word' id='word_1_573' title='bbox 896 4443 1013 4498; x_wconf 86' lang='lat' dir='ltr'><strong>Latinis</strong></span> <span class='ocrx_word' id='word_1_574' title='bbox 1043 4443 1153 4500; x_wconf 86' lang='lat' dir='ltr'><strong>litteris</strong></span> <span class='ocrx_word' id='word_1_575' title='bbox 1183 4463 1209 4496; x_wconf 93' lang='lat' dir='ltr'><strong>a.</strong></span> <span class='ocrx_word' id='word_1_576' title='bbox 1241 4446 1306 4501; x_wconf 89' lang='grc'><strong>665.</strong></span> <span class='ocrx_word' id='word_1_577' title='bbox 1356 4443 1481 4498; x_wconf 88' lang='lat' dir='ltr'><strong>Consuli</strong></span> <span class='ocrx_word' id='word_1_578' title='bbox 1515 4464 1541 4497; x_wconf 88' lang='lat' dir='ltr'><strong>a.</strong></span> <span class='ocrx_word' id='word_1_579' title='bbox 1576 4449 1642 4504; x_wconf 75' lang='grc'><strong>666.</strong></span> <span class='ocrx_word' id='word_1_580' title='bbox 1680 4447 1840 4518; x_wconf 74' lang='lat' dir='ltr'><strong>provincia</strong></span> 
     </span>
     <span class='ocr_line' id='line_1_52' title="bbox 498 4516 1840 4587; baseline -0.001 -11"><span class='ocrx_word' id='word_1_581' title='bbox 498 4517 688 4576; x_wconf 85' lang='lat' dir='ltr'><strong>illustratum.</strong></span> <span class='ocrx_word' id='word_1_582' title='bbox 717 4517 803 4574; x_wconf 89' lang='lat' dir='ltr'><strong>Brut.</strong></span> <span class='ocrx_word' id='word_1_583' title='bbox 828 4522 882 4583; x_wconf 77' lang='lat' dir='ltr'><strong>Sl,</strong></span> <span class='ocrx_word' id='word_1_584' title='bbox 907 4525 971 4576; x_wconf 88' lang='grc'><strong>228.</strong></span> <span class='ocrx_word' id='word_1_585' title='bbox 997 4516 1102 4577; x_wconf 81' lang='lat' dir='ltr'><strong>Vellei.</strong></span> <span class='ocrx_word' id='word_1_586' title='bbox 1123 4524 1152 4587; x_wconf 86' lang='lat'><strong>2,</strong></span> <span class='ocrx_word' id='word_1_587' title='bbox 1181 4519 1254 4575; x_wconf 83' lang='lat' dir='ltr'><strong>Asia</strong></span> <span class='ocrx_word' id='word_1_588' title='bbox 1292 4529 1322 4572; x_wconf 90' lang='lat' dir='ltr'><strong>et</strong></span> <span class='ocrx_word' id='word_1_589' title='bbox 1360 4516 1470 4573; x_wconf 82' lang='lat' dir='ltr'><strong>bellum</strong></span> <span class='ocrx_word' id='word_1_590' title='bbox 1504 4518 1743 4576; x_wconf 83' lang='lat' dir='ltr'><strong>Mithridaticum</strong></span> <span class='ocrx_word' id='word_1_591' title='bbox 1785 4522 1840 4575; x_wconf 90' lang='lat' dir='ltr'><strong>da-</strong></span> 
     </span>
     <span class='ocr_line' id='line_1_53' title="bbox 419 4593 1841 4670; baseline -0.002 -16"><span class='ocrx_word' id='word_1_592' title='bbox 419 4635 422 4643; x_wconf 87' lang='lat'>·</span> <span class='ocrx_word' id='word_1_593' title='bbox 498 4600 623 4664; x_wconf 80' lang='lat' dir='ltr'><strong>o,5.·-</strong></span> <span class='ocrx_word' id='word_1_594' title='bbox 643 4593 771 4651; x_wconf 89' lang='lat' dir='ltr'><strong>Sisenna</strong></span> <span class='ocrx_word' id='word_1_595' title='bbox 792 4613 895 4650; x_wconf 90' lang='lat' dir='ltr'><strong>omues</strong></span> <span class='ocrx_word' id='word_1_596' title='bbox 916 4596 1154 4653; x_wconf 84' lang='lat' dir='ltr'><strong>adhucnostros</strong></span> <span class='ocrx_word' id='word_1_597' title='bbox 1182 4605 1241 4650; x_wconf 86' lang='lat' dir='ltr'><strong>tur.</strong></span> <span class='ocrx_word' id='word_1_598' title='bbox 1282 4594 1314 4649; x_wconf 92' lang='lat' dir='ltr'><strong>P.</strong></span> <span class='ocrx_word' id='word_1_599' title='bbox 1337 4593 1506 4667; x_wconf 90' lang='lat' dir='ltr'><strong>Sulpicius,</strong></span> <span class='ocrx_word' id='word_1_600' title='bbox 1527 4594 1601 4651; x_wconf 81' lang='lat' dir='ltr'><strong>trib.</strong></span> <span class='ocrx_word' id='word_1_601' title='bbox 1623 4596 1677 4670; x_wconf 78' lang='lat' dir='ltr'><strong>pl..</strong></span> <span class='ocrx_word' id='word_1_602' title='bbox 1698 4597 1793 4669; x_wconf 72' lang='lat' dir='ltr'><strong>legem</strong></span> <span class='ocrx_word' id='word_1_603' title='bbox 1809 4608 1841 4651; x_wconf 92' lang='lat' dir='ltr'><strong>ut</strong></span> 
     </span>
     <span class='ocr_line' id='line_1_54' title="bbox 498 4668 1840 4745; baseline 0.001 -19"><span class='ocrx_word' id='word_1_604' title='bbox 498 4673 664 4745; x_wconf 77' lang='lat' dir='ltr'><strong>scriptores</strong></span> <span class='ocrx_word' id='word_1_605' title='bbox 688 4670 775 4726; x_wconf 82' lang='lat' dir='ltr'><strong>facile</strong></span> <span class='ocrx_word' id='word_1_606' title='bbox 797 4674 961 4745; x_wconf 86' lang='lat' dir='ltr'><strong>superavit.</strong></span> <span class='ocrx_word' id='word_1_607' title='bbox 1000 4669 1030 4727; x_wconf 91' lang='lat' dir='ltr'><strong>Is</strong></span> <span class='ocrx_word' id='word_1_608' title='bbox 1053 4681 1152 4727; x_wconf 86' lang='lat' dir='ltr'><strong>tamen</strong></span> <span class='ocrx_word' id='word_1_609' title='bbox 1184 4669 1252 4724; x_wconf 83' lang='lat' dir='ltr'><strong>noui</strong></span> <span class='ocrx_word' id='word_1_610' title='bbox 1274 4671 1356 4724; x_wconf 82' lang='lat' dir='ltr'><strong>cives</strong></span> <span class='ocrx_word' id='word_1_611' title='bbox 1377 4680 1405 4723; x_wconf 85' lang='lat' dir='ltr'><strong>et</strong></span> <span class='ocrx_word' id='word_1_612' title='bbox 1426 4668 1559 4725; x_wconf 86' lang='lat' dir='ltr'><strong>libertini</strong></span> <span class='ocrx_word' id='word_1_613' title='bbox 1580 4675 1609 4725; x_wconf 92' lang='lat' dir='ltr'><strong>in</strong></span> <span class='ocrx_word' id='word_1_614' title='bbox 1631 4671 1771 4726; x_wconf 89' lang='lat' dir='ltr'><strong>omnibus</strong></span> <span class='ocrx_word' id='word_1_615' title='bbox 1793 4678 1840 4731; x_wconf 80' lang='grc'><strong>55.</strong></span> 
     </span>
     <span class='ocr_line' id='line_1_55' title="bbox 497 4743 1837 4822; baseline 0 -20"><span class='ocrx_word' id='word_1_616' title='bbox 497 4763 594 4822; x_wconf 84' lang='lat' dir='ltr'><strong>neque</strong></span> <span class='ocrx_word' id='word_1_617' title='bbox 627 4757 732 4803; x_wconf 87' lang='lat' dir='ltr'><strong>orator</strong></span> <span class='ocrx_word' id='word_1_618' title='bbox 760 4750 789 4802; x_wconf 91' lang='lat' dir='ltr'><strong>in</strong></span> <span class='ocrx_word' id='word_1_619' title='bbox 814 4766 938 4802; x_wconf 79' lang='lat' dir='ltr'><strong>nutriero</strong></span> <span class='ocrx_word' id='word_1_620' title='bbox 967 4756 1069 4803; x_wconf 82' lang='lat' dir='ltr'><strong>vestro</strong></span> <span class='ocrx_word' id='word_1_621' title='bbox 1095 4764 1154 4801; x_wconf 89' lang='lat' dir='ltr'><strong>un·</strong></span> <span class='ocrx_word' id='word_1_622' title='bbox 1183 4743 1321 4802; x_wconf 83' lang='lat' dir='ltr'><strong>tribubus</strong></span> <span class='ocrx_word' id='word_1_623' title='bbox 1354 4745 1497 4818; x_wconf 78' lang='lat' dir='ltr'><strong>sutfragia</strong></span> <span class='ocrx_word' id='word_1_624' title='bbox 1522 4747 1654 4812; x_wconf 70' lang='lat' dir='ltr'><strong>terreret,</strong></span> <span class='ocrx_word' id='word_1_625' title='bbox 1686 4767 1739 4820; x_wconf 90' lang='lat' dir='ltr'><strong>per</strong></span> <span class='ocrx_word' id='word_1_626' title='bbox 1764 4748 1837 4814; x_wconf 84' lang='lat' dir='ltr'><strong>eim,</strong></span> 
     </span>
     <span class='ocr_line' id='line_1_56' title="bbox 498 4819 1841 4896; baseline 0.001 -20"><span class='ocrx_word' id='word_1_627' title='bbox 498 4839 587 4896; x_wconf 88' lang='lat' dir='ltr'><strong>qnam</strong></span> <span class='ocrx_word' id='word_1_628' title='bbox 610 4833 655 4878; x_wconf 86' lang='lat' dir='ltr'><strong>est</strong></span> <span class='ocrx_word' id='word_1_629' title='bbox 681 4821 800 4879; x_wconf 86' lang='lat' dir='ltr'><strong>habitus</strong></span> <span class='ocrx_word' id='word_1_630' title='bbox 825 4824 904 4878; x_wconf 89' lang='lat' dir='ltr'><strong>etin</strong></span> <span class='ocrx_word' id='word_1_631' title='bbox 928 4823 1052 4878; x_wconf 83' lang='lat' dir='ltr'><strong>historia</strong></span> <span class='ocrx_word' id='word_1_632' title='bbox 1079 4839 1153 4894; x_wconf 88' lang='lat' dir='ltr'><strong>pue·</strong></span> <span class='ocrx_word' id='word_1_633' title='bbox 1183 4820 1284 4895; x_wconf 76' lang='lat' dir='ltr'><strong>fugato</strong></span> <span class='ocrx_word' id='word_1_634' title='bbox 1306 4819 1387 4876; x_wconf 89' lang='lat' dir='ltr'><strong>Sulla</strong></span> <span class='ocrx_word' id='word_1_635' title='bbox 1410 4840 1485 4886; x_wconf 63' lang='lat' dir='ltr'><strong>cos„</strong></span> <span class='ocrx_word' id='word_1_636' title='bbox 1509 4823 1633 4895; x_wconf 79' lang='lat' dir='ltr'><strong>perfert.</strong></span> <span class='ocrx_word' id='word_1_637' title='bbox 1663 4823 1747 4878; x_wconf 89' lang='lat' dir='ltr'><strong>Idem</strong></span> <span class='ocrx_word' id='word_1_638' title='bbox 1768 4823 1841 4878; x_wconf 90' lang='lat' dir='ltr'><strong>Sul·</strong></span> 
     </span>
     <span class='ocr_line' id='line_1_57' title="bbox 496 4896 1840 4972; baseline 0.002 -21"><span class='ocrx_word' id='word_1_639' title='bbox 496 4896 553 4952; x_wconf 88' lang='lat' dir='ltr'><strong>rile</strong></span> <span class='ocrx_word' id='word_1_640' title='bbox 585 4897 725 4972; x_wconf 88' lang='lat' dir='ltr'><strong>quiddam</strong></span> <span class='ocrx_word' id='word_1_641' title='bbox 756 4909 965 4963; x_wconf 89' lang='lat' dir='ltr'><strong>consectatur,</strong></span> <span class='ocrx_word' id='word_1_642' title='bbox 1003 4908 1034 4950; x_wconf 91' lang='lat' dir='ltr'><strong>ut</strong></span> <span class='ocrx_word' id='word_1_643' title='bbox 1060 4916 1151 4951; x_wconf 91' lang='lat' dir='ltr'><strong>unum</strong></span> <span class='ocrx_word' id='word_1_644' title='bbox 1184 4899 1239 4951; x_wconf 92' lang='lat' dir='ltr'><strong>lam</strong></span> <span class='ocrx_word' id='word_1_645' title='bbox 1271 4900 1427 4970; x_wconf 77' lang='lat' dir='ltr'><strong>provincia</strong></span> <span class='ocrx_word' id='word_1_646' title='bbox 1460 4897 1569 4970; x_wconf 89' lang='lat' dir='ltr'><strong>spoliat</strong></span> <span class='ocrx_word' id='word_1_647' title='bbox 1603 4907 1631 4952; x_wconf 91' lang='lat' dir='ltr'><strong>ct</strong></span> <span class='ocrx_word' id='word_1_648' title='bbox 1666 4899 1700 4955; x_wconf 90' lang='lat' dir='ltr'><strong>C.</strong></span> <span class='ocrx_word' id='word_1_649' title='bbox 1740 4899 1840 4955; x_wconf 75' lang='lat' dir='ltr'><strong>llario</strong></span> 
     </span>
     <span class='ocr_line' id='line_1_58' title="bbox 497 4969 1841 5051; baseline 0.001 -23"><span class='ocrx_word' id='word_1_650' title='bbox 497 4969 681 5029; x_wconf 82' lang='lat' dir='ltr'><strong>Clitarchum</strong></span> <span class='ocrx_word' id='word_1_651' title='bbox 697 4993 790 5051; x_wconf 91' lang='lat' dir='ltr'><strong>neque</strong></span> <span class='ocrx_word' id='word_1_652' title='bbox 806 4985 961 5048; x_wconf 86' lang='lat' dir='ltr'><strong>praeterea</strong></span> <span class='ocrx_word' id='word_1_653' title='bbox 974 4991 1150 5047; x_wconf 90' lang='lat' dir='ltr'><strong>quemquam</strong></span> <span class='ocrx_word' id='word_1_654' title='bbox 1182 4974 1284 5028; x_wconf 80' lang='lat' dir='ltr'><strong>Asiam</strong></span> <span class='ocrx_word' id='word_1_655' title='bbox 1306 4975 1492 5046; x_wconf 83' lang='lat' dir='ltr'><strong>provinciam</strong></span> <span class='ocrx_word' id='word_1_656' title='bbox 1511 4982 1595 5027; x_wconf 83' lang='lat' dir='ltr'><strong>extra</strong></span> <span class='ocrx_word' id='word_1_657' title='bbox 1616 4976 1753 5029; x_wconf 86' lang='lat' dir='ltr'><strong>ordinem</strong></span> <span class='ocrx_word' id='word_1_658' title='bbox 1775 4986 1841 5030; x_wconf 88' lang='lat' dir='ltr'><strong>tra-</strong></span> 
     </span>
     <span class='ocr_line' id='line_1_59' title="bbox 497 5043 1839 5122; baseline 0.003 -22"><span class='ocrx_word' id='word_1_659' title='bbox 497 5043 534 5101; x_wconf 89' lang='lat' dir='ltr'><strong>de</strong></span> <span class='ocrx_word' id='word_1_660' title='bbox 549 5046 678 5107; x_wconf 70' lang='lat' dir='ltr'><strong>Graecis</strong></span> <span class='ocrx_word' id='word_1_661' title='bbox 693 5048 803 5121; x_wconf 72' lang='lat' dir='ltr'><strong>legisse</strong></span> <span class='ocrx_word' id='word_1_662' title='bbox 826 5051 972 5106; x_wconf 85' lang='lat' dir='ltr'><strong>videatur.</strong></span> <span class='ocrx_word' id='word_1_663' title='bbox 1000 5047 1035 5103; x_wconf 92' lang='lat' dir='ltr'><strong>de</strong></span> <span class='ocrx_word' id='word_1_664' title='bbox 1057 5048 1149 5122; x_wconf 70' lang='lat' dir='ltr'><strong>chg.</strong></span> <span class='ocrx_word' id='word_1_665' title='bbox 1182 5049 1235 5104; x_wconf 92' lang='lat' dir='ltr'><strong>dit.</strong></span> <span class='ocrx_word' id='word_1_666' title='bbox 1278 5047 1361 5104; x_wconf 87' lang='lat' dir='ltr'><strong>Sulla</strong></span> <span class='ocrx_word' id='word_1_667' title='bbox 1381 5068 1439 5104; x_wconf 80' lang='lat' dir='ltr'><strong>tina</strong></span> <span class='ocrx_word' id='word_1_668' title='bbox 1463 5066 1530 5104; x_wconf 83' lang='lat' dir='ltr'><strong>cuin</strong></span> <span class='ocrx_word' id='word_1_669' title='bbox 1550 5050 1663 5122; x_wconf 70' lang='lat' dir='ltr'><strong>collega</strong></span> <span class='ocrx_word' id='word_1_670' title='bbox 1687 5049 1724 5121; x_wconf 81' lang='lat' dir='ltr'><strong>Q.</strong></span> <span class='ocrx_word' id='word_1_671' title='bbox 1746 5051 1839 5106; x_wconf 89' lang='lat' dir='ltr'><strong>Pom-</strong></span> 
     </span>
     <span class='ocr_line' id='line_1_60' title="bbox 420 5124 1840 5202; baseline 0 -21"><span class='ocrx_word' id='word_1_672' title='bbox 420 5176 423 5181; x_wconf 93' lang='lat'><strong>.</strong></span> <span class='ocrx_word' id='word_1_673' title='bbox 497 5130 531 5188; x_wconf 83' lang='lat' dir='ltr'><strong>t,</strong></span> <span class='ocrx_word' id='word_1_674' title='bbox 551 5129 586 5190; x_wconf 88' lang='grc'><strong>2,</strong></span> <span class='ocrx_word' id='word_1_675' title='bbox 609 5129 636 5182; x_wconf 89' lang='grc'><strong>7.</strong></span> <span class='ocrx_word' id='word_1_676' title='bbox 658 5153 694 5167; x_wconf 93' lang='grc'>-</span> <span class='ocrx_word' id='word_1_677' title='bbox 716 5124 845 5182; x_wconf 86' lang='lat' dir='ltr'><strong>Sisenna</strong></span> <span class='ocrx_word' id='word_1_678' title='bbox 868 5127 955 5202; x_wconf 91' lang='lat' dir='ltr'><strong>quasi</strong></span> <span class='ocrx_word' id='word_1_679' title='bbox 977 5124 1152 5180; x_wconf 87' lang='lat' dir='ltr'><strong>emendator</strong></span> <span class='ocrx_word' id='word_1_680' title='bbox 1182 5127 1249 5197; x_wconf 88' lang='lat' dir='ltr'><strong>peio</strong></span> <span class='ocrx_word' id='word_1_681' title='bbox 1263 5124 1341 5181; x_wconf 81' lang='lat' dir='ltr'><strong>Rufo</strong></span> <span class='ocrx_word' id='word_1_682' title='bbox 1361 5124 1399 5181; x_wconf 81' lang='lat' dir='ltr'><strong>ad</strong></span> <span class='ocrx_word' id='word_1_683' title='bbox 1419 5127 1584 5181; x_wconf 80' lang='lat' dir='ltr'><strong>exercitum</strong></span> <span class='ocrx_word' id='word_1_684' title='bbox 1599 5144 1687 5181; x_wconf 90' lang='lat' dir='ltr'><strong>suum</strong></span> <span class='ocrx_word' id='word_1_685' title='bbox 1701 5126 1840 5199; x_wconf 80' lang='lat' dir='ltr'><strong>confugit</strong></span> 
     </span>
     <span class='ocr_line' id='line_1_61' title="bbox 496 5197 1836 5278; baseline 0.003 -25"><span class='ocrx_word' id='word_1_686' title='bbox 496 5199 646 5256; x_wconf 80' lang='lat' dir='ltr'><strong>sermonis</strong></span> <span class='ocrx_word' id='word_1_687' title='bbox 669 5201 770 5259; x_wconf 84' lang='lat' dir='ltr'><strong>usitati</strong></span> <span class='ocrx_word' id='word_1_688' title='bbox 793 5219 861 5261; x_wconf 87' lang='lat' dir='ltr'><strong>cum</strong></span> <span class='ocrx_word' id='word_1_689' title='bbox 889 5218 954 5259; x_wconf 82' lang='lat' dir='ltr'><strong>csse</strong></span> <span class='ocrx_word' id='word_1_690' title='bbox 977 5200 1082 5270; x_wconf 85' lang='lat' dir='ltr'><strong>vellet,</strong></span> <span class='ocrx_word' id='word_1_691' title='bbox 1114 5219 1151 5257; x_wconf 90' lang='lat' dir='ltr'><strong>ne</strong></span> <span class='ocrx_word' id='word_1_692' title='bbox 1181 5216 1276 5278; x_wconf 84' lang='lat' dir='ltr'><strong>coque</strong></span> <span class='ocrx_word' id='word_1_693' title='bbox 1302 5198 1428 5259; x_wconf 77' lang='lat' dir='ltr'><strong>Romam</strong></span> <span class='ocrx_word' id='word_1_694' title='bbox 1456 5197 1547 5259; x_wconf 86' lang='lat' dir='ltr'><strong>ducto</strong></span> <span class='ocrx_word' id='word_1_695' title='bbox 1575 5200 1726 5276; x_wconf 72' lang='lat' dir='ltr'><strong>Sulpicius</strong></span> <span class='ocrx_word' id='word_1_696' title='bbox 1755 5200 1836 5276; x_wconf 81' lang='lat' dir='ltr'><strong>leges</strong></span> 
     </span>
    </p>
   </div>
   <div class='ocr_carea' id='block_1_10' title="bbox 0 0 2188 6084">
    <p class='ocr_par' dir='ltr' id='par_1_12' title="bbox 0 0 2188 6084">
     <span class='ocr_line' id='line_1_62' title="bbox 0 0 2188 6084; baseline 0 2"><span class='ocrx_word' id='word_1_697' title='bbox 0 0 2188 6084; x_wconf 95' lang='lat' dir='ltr'><strong> </strong></span> 
     </span>
    </p>
   </div>
  </div>
 </body>
</html>
