4367 6084
419 649 482 716 ull
840 636 891 703 Μ.
916 633 1117 702 TULLIUS
1141 631 1327 700 CICERO.

418 792 490 859 tela,
506 789 714 874 Theophrasto
724 790 845 856 totaque
855 778 1074 852 Peripatetico·
1102 775 1200 831 teneri
1221 792 1281 830 nou
1302 775 1397 849 potui,
1420 775 1493 851 quin
1512 777 1758 838 coniunctionem

420 886 486 926 rum
507 865 617 922 familia
638 867 784 918 tractatus
804 853 962 911 uberrime.
997 852 1072 909 Nam
1103 851 1270 907 studiorum
1290 852 1461 926 amorisque
1484 853 1582 909 nostri
1608 870 1668 930 quo
1746 884 1759 898 ·

420 942 491 1025 qnid
511 958 566 1013 ego
588 939 623 993 de
642 935 840 991 Consolatione
861 930 979 987 dicam?
999 945 1074 1004 quae
1103 945 1165 983 seru
1177 925 1343 981 litterarum
1354 944 1464 1000 genere
1477 926 1674 985 declararem.
1686 873 1762 985 {libi

420 1019 494 1076 mihi
514 1014 632 1090 quidem
653 1010 711 1084 ipsi
728 1025 800 1064 sane
814 1007 998 1082 aliquantum
1011 1022 1073 1060 me·
1104 1003 1195 1073 igitur
1216 1018 1387 1057 sermonem
1407 1004 1487 1059 iuter
1506 1021 1562 1060 nos
1580 1001 1716 1062 habitum
1730 1007 1762 1061 in

420 1093 526 1156 derum
548 1088 657 1144 ceteris
677 1087 746 1140 item
766 1083 891 1138 multum
910 1082 988 1136 illam
1002 1098 1075 1155 pro-
1104 1078 1256 1141 Cumano,
1285 1095 1352 1133 com
1379 1089 1458 1135 esset
1480 1098 1539 1136 uua
1559 1080 1759 1155 Pomponius.

391 1188 393 1193 ’
420 1170 551 1227 laturam
579 1170 662 1236 puto.
705 1159 885 1216 Interiectus
915 1167 961 1213 est
986 1158 1075 1213 etiam
1105 1152 1175 1210 Tibi
1202 1152 1268 1208 dedi
1296 1164 1398 1228 partes
1423 1156 1618 1223 Antiochias,
1672 1175 1762 1213 uasa

420 1259 518 1317 nuper
537 1236 614 1294 liber
635 1241 672 1301 is,
697 1253 785 1311 quem
805 1232 842 1289 ad
862 1242 998 1289 nostrum
1019 1233 1075 1288 At·
1105 1240 1133 1285 te
1161 1227 1284 1303 probari
1311 1228 1493 1287 intellexisse
1519 1233 1591 1287 mibi
1618 1233 1648 1288 ai
1670 1229 1762 1288 eber:

421 1321 515 1375 ticum
528 1316 562 1366 de
576 1314 722 1366 Senectute
737 1311 888 1366 misimus:
910 1311 940 1364 iu
954 1308 1076 1383 primis-
1107 1306 1178 1361 mihi
1197 1306 1311 1378 sumpsi
1331 1305 1477 1361 Philonis.
1518 1306 1596 1363 Puto
1615 1307 1703 1374 lore,
1731 1320 1764 1364 ιιι
1813 1318 1816 1322 ⁴

423 1385 955 1525 statat‘zt‘tttth“tzttlttt
971 1381 1078 1514 llll}
1107 1380 1765 1530 tlt,ltfluffl'stt,ttt‘llttttttt‘

422 1560 490 1600 rum
516 1538 663 1596 librorum
690 1553 816 1592 numero
843 1535 1000 1609 ponendus
1021 1542 1075 1590 est.
1107 1531 1167 1588 Sed
1182 1533 1260 1587 nosti
1272 1550 1385 1587 satorem
1396 1532 1613 1604 diatogorum.”
1633 1534 1672 1590 ad
1682 1533 1765 1590 Fam.

423 1618 556 1691 Cumque
594 1612 772 1669 Aristoteles
812 1613 940 1684 itemque
977 1610 1078 1666 Theo·
1107 1611 1199 1674 9‚s,
1225 1614 1249 1662 1.
1275 1606 1527 1664 -Danuans
1565 1608 1668 1682 „Legi
1689 1613 1766 1673 (Au-

422 1694 576 1767 pbrastus‚
598 1687 780 1744 excellentes
800 1687 858 1743 viri
880 1696 942 1742 tum
961 1682 1078 1741 subtili·
1108 1683 1188 1738 ditor
1213 1681 1366 1758 loquitur)
1391 1693 1473 1739 tuum
1501 1702 1597 1758 nuper
1621 1696 1764 1760 quartum

423 1779 482 1824 tate
508 1775 570 1821 tum
597 1764 701 1838 copia,
730 1780 796 1819 cum
824 1762 1012 1836 philosophia
1033 1760 1073 1816 di·
1109 1759 1145 1814 de
1166 1755 1299 1814 Finibus.
1329 1758 1362 1814 Iu
1384 1775 1419 1814 eo
1439 1759 1509 1815 mibi
1531 1758 1673 1816 videbere
1691 1778 1767 1817 cou-

423 1841 512 1901 ceodi
540 1843 630 1896 etism
659 1849 818 1913 praecepta
848 1838 1076 1900 coniunxeriut;
1108 1845 1154 1889 tra
1169 1833 1312 1889 Catonem
1327 1833 1479 1890 disserens
1496 1836 1552 1892 boc
1566 1833 1643 1892 velle
1659 1846 1767 1894 osteu-

424 1917 521 1974 nostri
542 1932 661 1990 quoqne
681 1915 807 1970 oratorii
825 1911 893 1969 libri
908 1915 937 1969 iu
952 1910 1077 1968 eundem
1108 1910 1189 1975 dere,
1212 1907 1293 1985 quod
1313 1911 1384 1966 mibi
1401 1909 1518 1986 quidem
1534 1910 1695 1984 probatur,
1719 1916 1766 1968 iu-

424 2009 580 2049 uumerum
601 1987 752 2045 referendi
771 1989 929 2045 videntur:
957 1990 996 2043 ita
1018 1999 1079 2043 tres
1109 1997 1154 2041 ter
1187 1985 1340 2040 Zenonem
1377 1995 1407 2041 et
1436 1985 1655 2060 Peripateticos
1692 1987 1768 2044 nihil

424 2078 513 2124 erunt
526 2067 559 2118 de
573 2066 707 2128 Oratore,
723 2074 848 2141 quartos
861 2064 977 2129 Brutus,
992 2065 1080 2139 quia·
1109 2071 1230 2134 praeter
1239 2059 1400 2117 verborum
1410 2063 1574 2117 novitatem
1584 2061 1767 2121 interesse.'’

424 2142 626 2198 tnsOrator.”
654 2139 837 2197 deDtvinat.
856 2146 883 2204 2,
901 2147 928 2204 1,
946 2146 1080 2197 1-t.-
1110 2135 1766 2201 Tuscul5,tt,32.-Tosonn.D1seorau.

423 2217 625 2274 Horraasros.
667 2215 901 2289 ,Philosophiae
929 2217 1081 2286 vitupera·
1110 2211 1221 2279 „Hanc
1236 2210 1483 2269 Academicorum
1500 2223 1605 2269 contre
1620 2217 1767 2288 proposi-

422 2293 539 2350 toribus
565 2292 638 2348 satis
664 2307 842 2365 responsum
863 2300 908 2346 est
929 2309 965 2346 eo
990 2289 1079 2356 libro,
1110 2299 1172 2342 tum
1183 2286 1353 2361 disputandi
1368 2289 1615 2345 cousuetudinem
1628 2289 1769 2348 iudicant

424 2367 620 2444 quoanobis
636 2366 823 2441 philosophia
839 2366 958 2422 defensa
974 2376 1003 2421 et
1019 2366 1081 2422 col·
1110 2373 1138 2419 te
1169 2364 1337 2436 suscepisse
1365 2363 1553 2420 Tusculanae
1583 2363 1628 2420 dis
1654 2368 1768 2422 utatio-

424 2442 541 2500 laudata
563 2453 618 2505 est,
641 2460 709 2497 cum
730 2450 808 2497 esset
828 2451 967 2497 accusata
989 2443 1082 2497 etvi-
1112 2438 1193 2494 nes.’'
1233 2437 1269 2493 de
1291 2437 1365 2495 Fato
1386 2447 1421 2504 2,
1443 2444 1470 2496 lt.
1500 2469 1534 2482 -
1560 2439 1607 2496 ne
1664 2459 1768 2498 arnas

422 2528 560 2594 tuperata
588 2515 625 2573 ab
650 2517 845 2574 Hortensio.”
885 2516 920 2573 de
941 2516 1030 2573 Finu.
1055 2531 1079 2583 t,
1110 2515 1247 2570 Danaum.
1284 2511 1503 2584 ,Verentibus,
1526 2532 1563 2571 ne
1583 2524 1700 2572 temere
1718 2517 1769 2573 vel

426 2607 459 2658 t.
481 2600 509 2649 2.
535 2623 566 2634 -
592 2592 651 2663 ,Si
672 2592 799 2669 quodam
822 2593 853 2647 in
875 2590 955 2648 libro
974 2593 1082 2667 (sigm-
1111 2591 1202 2646 falsae
1230 2590 1274 2645 rei
1300 2590 1346 2645 vel
1374 2607 1435 2645 nou
1462 2591 1535 2647 satis
1554 2593 1696 2665 cognitae
1717 2611 1769 2648 as-

424 2667 533 2729 ficatur
554 2667 754 2743 Hortensius)
783 2685 853 2723 vere
879 2678 925 2723 est
950 2689 966 2722 a
994 2667 1081 2725 uobis
1111 2667 1283 2730 sentiamur,
1304 2665 1474 2722 laciendum
1492 2665 1620 2734 videtur,
1644 2676 1679 2723 ιιι
1698 2666 1769 2724 dili-

424 2736 613 2819 philosophia
634 2744 763 2808 laudata,
785 2744 922 2816 prolecta
940 2745 1081 2811 eiustra÷
1110 2749 1215 2816 genter
1242 2743 1329 2797 etiam
1357 2750 1445 2828 atqua
1473 2744 1561 2798 etiam
1589 2755 1768 2815 argumenta

424 2821 517 2876 ctatio
535 2823 648 2893 optimo
661 2830 750 2895 atque
764 2817 949 2893 amplissimo
963 2837 1002 2895 qu
1066 2838 1081 2875 a
1111 2836 1177 2873 cum
1197 2820 1381 2891 argumentis
1401 2835 1620 2893 comparemus,
1643 2829 1678 2874 ut
1692 2819 1769 2876 leci-

425 2896 600 2965 dignissima
615 2905 660 2951 eat
677 2895 693 2917 ''
720 2894 814 2951 Acad.
828 2902 855 2961 2,
868 2901 895 2955 2.
909 2901 1010 2963 6.-,
1048 2914 1081 2952 os
1110 2910 1175 2947 mus
1196 2893 1226 2946 in
1248 2892 1284 2948 iis
1304 2891 1402 2950 tribus
1421 2890 1525 2958 libris,
1554 2911 1630 2969 quos
1654 2894 1692 2950 de
1712 2912 1769 2949 na·

425 2973 584 3027 universae
600 2970 716 3044 pbiloso
740 2971 805 3026 biae
826 2969 1081 3044 vituperatoribus
1111 2980 1177 3023 tura
1199 2966 1322 3023 deorum
1342 2968 1547 3041 scripsimus.”
1575 2968 1612 3026 de
1632 2969 1769 3026 Divinat.

423 3046 637 3120 respondimus
663 3048 694 3102 io
751 3046 914 3102 ortensio.''
955 3044 1079 3102 Tuscul.
1111 3051 1144 3107 t,
1165 3045 1198 3107 lt,
1223 3049 1249 3101 7.
1274 3071 1305 3083 -
1333 3042 1492 3115 ,Perlegi,
1521 3049 1618 3122 inquit
1640 3045 1690 3103 ille
1710 3043 1768 3118 (Q.
1809 3104 1815 3113 ,

425 3129 452 3188 2,
472 3128 499 3184 2,
519 3124 548 3181 lt.
573 3152 604 3164 —
627 3121 694 3192 ,De
716 3124 858 3176 universa
879 3121 1079 3196 pbilosophis,
1111 3116 1235 3191 frater),
1264 3129 1345 3174 tuum
1371 3119 1471 3194 paullo
1491 3130 1560 3175 ante
1587 3121 1709 3179 tertium
1732 3120 1770 3177 de

425 3207 538 3273 quanto
558 3215 649 3271 opere
663 3206 693 3252 et
707 3197 871 3270 expetenda
887 3208 966 3253 esset
986 3209 1015 3254 et
1028 3217 1081 3254 co·
1111 3204 1217 3250 natura
1232 3192 1374 3250 deorum:
1397 3197 1499 3271 inquo
1515 3195 1679 3271 disputatio
1695 3196 1770 3254 Cot·

423 3272 523 3339 lenda,
546 3272 629 3336 satis,
653 3281 685 3328 ut
698 3270 842 3338 arbitror,
865 3271 976 3328 dictum
991 3284 1036 3329 est
1050 3277 1079 3329 in
1109 3282 1167 3336 tae,
1190 3288 1368 3346 quamquam
1381 3269 1571 3328 labefactavit
1585 3275 1769 3329 seutentiam

424 3347 619 3406 Hortensio.”
647 3347 769 3405 Tuscnl.
790 3350 818 3413 3,
840 3351 868 3414 5,
889 3353 916 3405 6.
942 3376 973 3388 -
995 3349 1081 3404 Aca·
1111 3364 1222 3411 meam,
1255 3364 1315 3401 uon
1343 3346 1476 3403 funditus
1504 3358 1604 3403 tamen
1633 3346 1767 3404 sustulit.

425 3440 542 3481 nanim.
572 3421 663 3493 „Pro
678 3423 839 3479 Academia
859 3440 935 3498 quae
955 3422 1080 3479 dicenda
1111 3422 1231 3497 Optime
1265 3439 1352 3487 vero,
1387 3425 1524 3497 inquam,
1559 3426 1670 3479 etenim
1702 3425 1770 3498 ipse

424 3509 527 3561 eraut,
559 3501 633 3554 satis
663 3507 803 3555 accurate
833 3499 864 3553 iu
892 3496 1081 3554 Academicis
1111 3497 1196 3555 Cotta
1218 3499 1262 3553 sic
1283 3497 1429 3571 disputat,
1452 3509 1483 3553 ut
1504 3497 1678 3556 Stoicorum
1700 3516 1770 3554 ma·

467 3584 568 3629 attuor
586 3571 673 3630 libris
694 3574 841 3649 explicata
868 3570 1082 3629 arbitramur.''
1110 3575 1155 3647 gis
1176 3591 1210 3627 ar
1251 3582 1349 3628 menta
1369 3574 1520 3642 confutet,
1557 3592 1645 3650 quam
1668 3574 1770 3630 bomi-

424 3593 548 3705 ξῘξιιιιιιὶ.
564 3654 591 3713 2,
609 3658 636 3715 2,
657 3650 684 3705 lt.
706 3647 850 3719 -'„Qai
864 3650 1012 3705 mirantur
1026 3668 1081 3706 noa
1112 3666 1181 3704 uum
1202 3590 1298 3704 fflm
1312 3648 1497 3723 religionem.
1528 3648 1605 3706 Tum
1619 3648 1767 3721 Quintus,

424 3725 502 3782 banc
530 3724 716 3796 potissimum
737 3725 925 3798 disciplinam
948 3736 1078 3790 secutos,
1112 3724 1229 3780 Dicitur
1249 3723 1367 3798 quidem
1388 3726 1476 3790 istuc,
1498 3725 1605 3801 inquit,
1628 3724 1768 3790 scotta,

427 3800 474 3855 bis
505 3807 646 3873 quattuor
675 3799 865 3865 Academicis
897 3799 981 3855 libris
1010 3805 1082 3857 satis
1111 3810 1139 3855 et
1160 3816 1233 3854 vero
1253 3804 1388 3872 saepius:
1415 3800 1516 3866 credo,
1539 3817 1576 3856 ne
1596 3802 1770 3857 communia

425 3891 606 3947 responsum
626 3874 776 3931 videtur.”
810 3876 846 3931 de
860 3874 929 3930 Nat.
943 3875 1035 3932 Deor.
1056 3889 1079 3941 ι,
1111 3878 1175 3930 iura
1190 3875 1320 3946 migrare
1336 3875 1488 3931 rideatur:
1509 3874 1563 3931 sed
1576 3875 1677 3931 studio
1690 3893 1772 3932 cou-

426 3954 456 4013 5,
483 3954 524 4004 tl.
546 3975 580 3990 -
600 3949 647 4006 Ad
670 3950 836 4007 Varronem
858 3951 898 4024 (a.
915 3970 944 4006 n.
962 3970 989 4006 c.
1006 3957 1082 4018 709.)
1110 3961 1157 4005 tra
1172 3947 1291 4006 Stoicos
1313 3949 1479 4006 disserendi
1500 3950 1572 4007 deos
1593 3950 1665 4007 milri
1679 3951 1772 4007 vide-

426 4023 463 4080 de
484 4024 521 4078 iis
542 4022 614 4080 baec
634 4027 774 4100 scripsit:
797 4025 885 4094 ,Etsi
905 4044 1013 4082 munus
1027 4025 1083 4081 lla-
1111 4036 1159 4081 tur
1179 4026 1311 4080 funditus
1327 4023 1443 4082 tollere.
1473 4025 1546 4082 Eius
1560 4028 1692 4082 orationi
1707 4044 1772 4082 uon

426 4101 539 4174 gitare,
569 4103 705 4174 quamvis
736 4104 804 4178 quis
833 4101 1014 4168 ostenderit,
1045 4119 1086 4157 uc
1112 4119 1184 4158 sane
1204 4100 1343 4156 desidero
1357 4101 1437 4177 quod
1452 4102 1671 4176 respoudeam3
1695 4104 1771 4158 satis

426 4173 554 4248 populus
583 4174 702 4249 quidem
723 4177 799 4232 solet
819 4177 877 4232 nisi
897 4180 1080 4233 concitatus:
1113 4177 1191 4232 euim
1219 4175 1339 4232 defensa
1371 4176 1475 4252 religio
1504 4189 1550 4235 est
1576 4179 1606 4233 iu
1634 4178 1771 4234 secundo

426 4258 525 4304 umen
552 4256 613 4322 ego*
632 4253 857 4326 exspectatione
877 4253 1020 4326 promissi
1040 4254 1082 4307 tui
1113 4250 1190 4308 libro
1210 4269 1226 4304 a
1248 4248 1383 4315 Lucilio:
1409 4256 1494 4309 onius
1522 4253 1687 4328 disputatio
1715 4250 1771 4309 tibi

427 4341 563 4387 moveor,
586 4333 619 4378 ut
639 4325 813 4382 admoneam
834 4338 872 4392 te,
896 4345 955 4384 nou
978 4337 1010 4383 ut
1027 4326 1084 4383 lla·
1113 4327 1187 4402 ipsi,
1205 4334 1239 4381 ut
1259 4328 1289 4381 iu
1310 4339 1446 4384 extremo
1465 4329 1556 4384 tertio
1576 4327 1705 4394 scribis,
1734 4326 1771 4384 sd

428 4400 530 4484 gitem.
560 4398 628 4455 Misi
651 4413 750 4457 autem
770 4402 805 4457 ad
826 4412 855 4457 te
875 4412 1016 4478 quattuor
1031 4403 1082 4459 ad·
1114 4404 1271 4458 veritatem
1304 4412 1348 4459 est
1380 4406 1444 4460 risa
1474 4403 1689 4478 propensior.”
1733 4404 1770 4461 dc
1822 4474 1828 4483 ι

427 4482 594 4529 monitores
607 4493 665 4530 non
679 4478 766 4533 nintis
778 4479 974 4535 verecundos.
997 4479 1082 4535 Nosti
1114 4479 1246 4534 Divinat.
1271 4485 1301 4543 l,
1324 4484 1356 4546 5,
1379 4486 1464 4539 8.-
1491 4478 1535 4535 Du
1556 4479 1599 4535 Rs
1620 4478 1769 4536 Poeans.

427 4549 507 4604 euim
528 4549 664 4622 prolecto
684 4569 719 4607 os
739 4552 1084 4610 adolescentiorisAoa-
1113 4553 1205 4626 „Ego
1231 4569 1277 4607 me
1302 4554 1334 4608 in
1355 4552 1489 4611 Cumano
1516 4565 1545 4611 et
1570 4555 1769 4629 Pompeiano,

428 4622 552 4710 dauriae.
578 4624 631 4710 ‘Ex
652 4645 686 4682 ea
707 4627 800 4699 igitur
820 4629 914 4684 media
936 4631 1083 4685 excitatos
1114 4640 1153 4696 (a.
1175 4646 1203 4682 u.
1223 4644 1250 4683 c.
1274 4628 1351 4704 700.)
1371 4630 1681 4706 praeterquamquod
1704 4631 1772 4686 sine

428 4715 508 4762 maai,
534 4716 586 4774 qm
605 4711 705 4758 metuo
727 4714 763 4758 ne
783 4714 811 4758 te
832 4705 907 4761 lorte
928 4703 1082 4775 flagitent3
1114 4716 1153 4771 te,
1177 4712 1308 4759 ceterum
1322 4706 1396 4760 satis
1410 4705 1566 4761 commode
1579 4703 1774 4762 oblectabam

429 4789 485 4845 ego
504 4782 603 4829 autem
623 4778 816 4834 mandarint
836 4791 987 4852 rogarent.
1021 4780 1085 4836 Ex·
1115 4791 1143 4837 et
1163 4796 1245 4835 eram
1266 4781 1295 4834 iu
1315 4782 1428 4836 eisdem
1448 4780 1526 4836 locis
1543 4781 1688 4859 usquead
1703 4780 1773 4836 Kal.

428 4847 600 4932 spectabam
620 4855 743 4909 otnuiuo
761 4854 1085 4933 iamdiumequesus·
1113 4857 1178 4913 lun.
1208 4855 1335 4911 iuturus.
1384 4853 1562 4913 Scribebam
1590 4856 1657 4921 illat
1692 4873 1774 4932 ΨΜ

427 4920 570 4990 sinebam,
593 4943 629 4981 nc
650 4928 685 4983 ad
704 4939 733 4984 te
747 4934 832 5004 prius
846 4931 909 5004 ipse
922 4931 992 5007 qnid
1006 4934 1084 4988 scri·
1114 4932 1249 4988 dixeram
1292 4933 1428 4999 clareant,
1448 4934 1578 5006 spissum
1600 4949 1672 4988 saue
1693 4948 1773 5006 opus

429 4992 548 5063 berem,
578 5019 666 5075 quam
688 5003 801 5079 aliquid
821 5008 1021 5081 accepissem,
1051 5020 1084 5065 ut
1112 5018 1142 5064 et
1162 4950 1336 5080 operollm,
1358 5005 1422 5072 sed·
1444 5010 1470 5063 δί
1487 5009 1774 5065 θῐδῑῦῑθῦῑῑΰδῦθ·

427 5082 805 5211 arsenatem
818 5083 1082 5215 ,saltatu
1112 5080 1772 5217 aartparturientem

424 5219 456 5282 it
476 5228 533 5292 ast,
554 5232 587 5280 ut
603 5242 659 5305 ago
672 5230 868 5308 interpretor,
889 5202 1080 5318 diligentius}
1110 5252 1187 5304 mus,
1209 5199 1290 5311 quod
1309 5177 1482 5319 aptatttlltt
1500 5230 1769 5307 tttlblffl12·'',⁸⁴l
