4367 6084
912 1512 934 1554 ¹.
1021 1496 1245 1553 solenS.
1298 1520 1359 1530 —
1406 1489 1552 1545 Post
1600 1487 1795 1544 Sullae
1850 1490 2167 1545 victoriam
2219 1488 2322 1544 de-

921 1584 926 1591 ·
1025 1575 1205 1628 situm
1256 1575 1347 1622 est
1398 1564 1593 1620 videri
1645 1563 1970 1639 quidquam
2021 1567 2083 1619 in
2123 1567 2323 1620 socios

1011 676 1138 742 194
1390 674 1477 740 L.
1520 669 2057 738 conminus
2102 671 2192 735 L.
2239 671 2322 735 F.
2370 671 2456 738 Ρ.
2502 640 2941 736 N.'sU1.LA
2985 667 3304 734 Famx.

1014 816 1298 895 praemiis
1339 814 1515 870 etiam
1556 810 1869 869 invitabat.
1919 830 2033 884 pro
2071 810 2316 887 Ligario
2374 829 2523 867 rena
2553 815 2656 877 15,
2699 817 2790 870 52.
2821 839 2897 854 —-
2936 809 3360 884 Triumphavit
3393 809 3461 866 L.
3492 808 3690 880 Sulla,

1013 899 1084 960 4,
1123 899 1208 948 12.
1246 920 1306 929 -
1341 889 1408 946 C.
1441 888 1619 944 Marii
1656 889 1801 943 sitas
1839 888 1949 943 reli
1995 886 2123 942 uias
2159 885 2317 961 apud
2375 888 2766 961 triumphavit
2803 883 2875 942 L.
2909 883 3161 941 Murena
3200 886 3273 943 de
3307 885 3686 954 Mithridate,

1015 968 1312 1028 Anienem
1353 963 1638 1037 dissipari
1668 1016 1672 1020 ,
1702 964 1854 1019 ussit
1882 960 1965 1018 Su
1995 962 2049 1016 la
2094 963 2314 1029 victor,
2380 962 2496 1017 duo
2524 961 2835 1018 fortissimi
2862 963 2982 1017 viri
3021 972 3081 1017 et
3118 963 3331 1017 summi
3359 963 3697 1034 imperato-

1016 1041 1329 1100 acerbiore
1358 1038 1514 1112 ¹odio
1555 983 1838 1106 iucfktus
1885 1056 2063 1113 quam
2106 1039 2157 1092 si
2201 1048 2318 1112 tam
2379 1056 2511 1104 res;
2553 1037 2656 1092 sed
2686 1039 2765 1091 ita
2797 1037 3281 1111 triumpharunt,
3321 1049 3389 1093 ut
3416 1036 3512 1093 ille
3551 1037 3697 1112 pul-

1019 1120 1258 1193 sapiens
1302 1116 1547 1179 fuisset,
1598 1114 1778 1188 qua'm
1824 1113 1936 1169 fuit
1979 1114 2319 1169 vehemens.
2380 1131 2481 1168 sus
2527 1131 2596 1169 su
2645 1122 2962 1188 eratusque
3009 1129 3076 1186 re
3122 1121 3314 1167 naret.
3352 1138 3423 1153 -
3463 1111 3559 1170 Ab
3619 1130 3697 1169 eo

1019 1191 1195 1266 Quod
1251 1188 1408 1247 haud
1463 1191 1591 1244 scio
1636 1206 1714 1244 an
1760 1189 1975 1244 timens
2023 1206 2133 1243 suo
2181 1206 2322 1243 cor-
2380 1186 2537 1244 bello
2631 1187 2808 1243 ullam
2867 1191 2928 1243 in
2978 1187 3065 1243 Ita
3095 1189 3210 1243 iam
3266 1206 3366 1244 res
3418 1189 3691 1263 publiea,

1017 1271 1154 1348 pori
1198 1283 1379 1342 posse
1419 1262 1728 1330 accidere,
1782 1264 2011 1334 primus
2062 1281 2094 1318 e
2133 1264 2323 1337 patri·
2381 1262 2695 1320 Murenam
2757 1260 2924 1319 Sulla
2982 1264 3317 1318 revocavit.
3390 1282 3504 1338 pro
3557 1266 3695 1340 lege

1018 1348 1130 1402 ciis
1179 1339 1473 1399 Corneliis
1521 1340 1647 1411 igni
1692 1337 1886 1394 voluit
1925 1340 2203 1394 cremari.
2250 1337 2322 1394 de
2385 1339 2626 1396 Manilia
2675 1342 2744 1402 3,
2793 1346 2848 1397 8.
2921 1368 2982 1378 —
3043 1336 3207 1394 Sulla
3256 1357 3465 1395 omnes
3504 1342 3693 1396 Asiae

1020 1421 1207 1494 Legg.
1259 1425 1324 1481 2,
1370 1423 1473 1482 22,
1521 1421 1614 1474 57.
1659 1444 1727 1456 -
1773 1413 1917 1469 Eius
1964 1413 2188 1469 dictum
2227 1414 2324 1469 in-
2383 1415 2660 1470 civitates
2721 1431 2835 1487 pro
2943 1414 3181 1469 ortione
3247 1415 3308 1470 in
3368 1415 3693 1489 provincia

2384 1489 2721 1563 descripsit.
2762 1505 2875 1561 pro
2952 1487 3121 1545 lacco
3162 1493 3261 1556 14,
3295 1495 3387 1550 32.
3418 1520 3496 1534 —
3522 1490 3694 1547 Sulla

2386 1565 2637 1620 Graecis
2710 1564 2954 1619 Asianis
3030 1564 3282 1640 vectigal

3359 1583 3427 1620 ne
3475 1566 3696 1623 naliter

1022 1648 1325 1721 iniquum,
1362 1658 1498 1696 cum
1524 1641 1854 1702 exstitisset
1882 1642 1942 1695 in
1970 1640 2322 1710 civet‘tnuta
2385 1638 2726 1713 descripsit.
2783 1638 2856 1694 ad
2897 1636 2973 1709 Q.
3015 1638 3116 1696 Fr.
3161 1650 3216 1705 1,
3257 1646 3312 1703 1,
3359 1585 3587 1707 ¹1:155.
3617 1671 3698 1685 -

1023 1719 1369 1779 crudelitas.
1428 1713 1500 1771 de
1547 1712 1667 1770 Off.
1718 1723 1786 1780 2,
1840 1723 1907 1780 7,
1960 1721 2053 1774 26.
2102 1742 2165 1754 -
2210 1701 2327 1770 Sa·
2384 1713 2991 1771 Turhulentissimum
3056 1716 3146 1770 rei
3206 1712 3480 1787 publicae
3536 1724 3697 1773 te·-

1022 1799 1196 1874 pieus
1263 1791 1488 1848 rectius
1567 1786 1965 1863 appellabitur
2042 1791 2326 1862 magister
2384 1808 2530 1864 pus,
2583 1790 2723 1845 *cum
2771 1790 3029 1845 adventu
3079 1790 3152 1846 L.
3198 1789 3400 1848 Sullae
3459 1793 3520 1848 in
3566 1792 3699 1849 Ita-

919 1928 924 1935 ,
1067 1891 1102 1926 ο
1148 1869 1233 1924 uli
1291 1867 1380 1933 (is
1428 1867 1589 1921 enim
1647 1864 1905 1920 dictator
1965 1870 2094 1939 est)
2150 1883 2325 1940 quam
2386 1865 2521 1921 liam
2572 1866 2812 1920 maximi
2870 1865 3171 1926 exercitus
3226 1868 3448 1923 civium
3508 1867 3700 1924 dissi-

930 1938 933 1942 ’
1022 1890 1227 2004 gulia,
1296 1942 1399 2016 qui
1444 1943 1625 1996 trium
1679 1941 2096 2014 pestiferorum
2143 1942 2327 1996 vitio·
2385 1939 2594 1995 derent
2660 1941 2732 1996 de
2802 1938 3042 1995 iudiciis
3086 1927 3178 1996 'ac
3242 1940 3500 2015 legibus.
3577 1962 3701 2018 pro

1024 2040 1154 2080 rum
1183 2064 1195 2080 ,
1243 2020 1545 2079 luxui-iac,
1592 2017 1915 2082 avaritiae,
1956 2015 2326 2071 crudelitatis
2386 2016 2635 2071 Fonteio
2679 2015 2794 2071 loci
2839 2013 3130 2071 Niebuhr.
3184 2022 3250 2084 5,
3311 2024 3363 2076 6.
3405 2046 3483 2060 —
3521 2015 3698 2075 Sulla

1026 2099 1311 2160 magister
1355 2089 1607 2167 sumile
1637 2090 1814 2145 Finu.
1860 2094 1927 2157 5,
1973 2096 2079 2157 22,
2125 2086 2221 2150 75.
2256 2119 2323 2132 —-
2387 2110 2519 2148 cum
2567 2089 2852 2165 Scipione
2910 2088 3020 2164 (L.
3066 2090 3351 2148 Cornelio
3403 2091 3504 2149 Sci
3553 2095 3697 2149 ione

1026 2172 1195 2228 Sulla
1243 2172 1431 2240 legem
1487 2165 1682 2233 dedit,
1748 2184 1862 2240 qua
1915 2163 2175 2221 tribunis
2238 2164 2322 2239 pl.
2384 2167 2655 2222 Asiatico
2696 2183 2823 2221 cos.
2874 2185 2925 2220 a.
2976 2184 3034 2220 u.
3080 2184 3134 2222 c.
3182 2164 3345 2241 671.)
3384 2168 3510 2223 inte
3577 2168 3699 2226 Ca-

1025 2248 1275 2304 almruin
1323 2244 1774 2312 magistratuum
1822 2240 2325 2315 capessendorum
2388 2242 2473 2296 les
2522 2251 2581 2297 et
2626 2242 2932 2306 Teanum,
2986 2259 3119 2297 cum
3164 2240 3315 2298 alter
3360 2241 3696 2300 nobilitatis

1026 2320 1275 2380 facultas
1315 2314 1703 2372 uiliiiiebatur.
1770 2315 2216 2373 Pseudoascou.
2266 2317 2328 2371 iu
2386 2315 2634 2381 florem,
2678 2316 2830 2372 alter
2877 2313 3014 2372 belli
3054 2316 3251 2373 socios
3291 2317 3692 2386 adhibuisset,

1026 2404 1162 2452 Act.
1219 2404 1267 2452 Ξ.
1315 2392 1491 2448 Verr-
1535 2410 1592 2465 p.
1637 2397 1769 2449 200.
1813 2416 1887 2431 -
1946 2389 2176 2446 Sullam
2222 2389 2327 2475 ((0.
2387 2391 2459 2447 de
2505 2393 2862 2448 auctoritate
2918 2401 3194 2456 senatus,
3254 2391 3327 2449 de
3383 2391 3695 2468 suffragiis

901 2524 907 2531 .
1025 2476 1241 2531 Cicero
1295 2480 1418 2533 est,
1468 2471 1568 2552 qui
1614 2465 1952 2542 loquiturz)
2009 2467 2328 2522 veheinenss
2386 2466 2593 2542 populi
2640 2477 2698 2522 et
2739 2465 2810 2521 de
2852 2465 2983 2521 iure
3025 2468 3283 2523 civitatis
3324 2466 3486 2545 leges
3531 2472 3695 2526 inter

969 2546 984 2559 ‘
1023 2542 1391 2618 ter-probo,
1450 2561 1549 2617 qui
1595 2540 1854 2597 tribunis
1900 2539 1984 2615 pl.
2045 2560 2151 2597 sua
2199 2542 2327 2614 lege
2387 2561 2451 2598 se
2512 2542 3017 2617 condicionesque
3069 2543 3472 2600 contulerunt.
3552 2545 3694 2601 Non

1022 2622 1276 2678 iniuriae
1323 2616 1630 2674 faciendae
1678 2627 2029 2691 potestatem
2088 2616 2330 2677 ademe-
2387 2620 2579 2673 tenuit
2618 2621 2861 2673 omniuo
2896 2616 3259 2694 colloquium
3296 2618 3444 2675 illud
3474 2617 3694 2676 fidemz

1005 2688 1141 2763 rit,
1171 2694 1374 2749 auxilii
1403 2691 1632 2748 ferendi
1659 2692 1992 2767 reliquerit.
2036 2691 2108 2747 de
2137 2691 2323 2766 Legg.
2386 2713 2418 2748 a
2469 2695 2526 2749 vi
2571 2704 2769 2749 tamen
2825 2693 3095 2770 periculo
3142 2711 3211 2748 ue
3261 2693 3483 2769 abfuit.
3547 2695 3698 2751 Phi-

1025 2778 1094 2838 3,
1141 2775 1210 2835 9,
1265 2777 1351 2825 22.
1400 2799 1461 2809 -
1507 2767 1573 2824 C.
1614 2766 1786 2823 Cotta
1830 2766 2021 2841 legem
2062 2768 2218 2834 tulit,
2268 2776 2330 2821 ut
2386 2768 2527 2842 lipp.
2570 2775 2671 2834 12,
2729 2779 2824 2835 11,
2873 2773 2965 2824 27.
3008 2798 3080 2810 -
3172 2786 3338 2824 acem
3377 2787 3511 2825 cum
3554 2769 3700 2827 Sci-

1025 2846 1282 2905 tribunis
1328 2843 1406 2917 pl.
1451 2843 1661 2898 liceret
1705 2852 1907 2916 postea
1953 2842 2104 2898 alios
2147 2844 2328 2915 magi·
2405 2848 2565 2899 »ione
2604 2843 2770 2900 Sulla
2811 2843 2940 2899 sive
2980 2842 3235 2901 faciebat
3273 2847 3401 2900 sive
3444 2845 3700 2900 simula-

1026 2931 1251 2979 stratus
1297 2937 1546 2993 capere,
1603 2918 1761 2993 quod
1819 2916 1953 2990 lege
1996 2916 2196 2974 Sullae
2256 2920 2326 2972 iis
2388 2863 2521 2985 bat,
2575 2938 2696 2974 non
2742 2927 2872 2975 erat
2916 2918 3391 3049 desperandum,
3445 2924 3495 2976 si
3543 2938 3701 2977 con-

1026 3008 1158 3055 erat
1217 2994 1576 3069 ademptum.
1662 2993 1889 3048 Ascon.
1959 2996 2022 3048 in
2076 2991 2322 3049 Cornel.
2388 2996 2687 3061 venisset,
2768 2995 2898 3050 fore
2980 2997 3236 3070 aiquem
3315 2994 3697 3052 tolerabilem

1024 3094 1086 3150 p.
1139 3080 1230 3132 78.
1284 3098 1360 3113 --
1414 3067 1579 3124 Sulla
1640 3069 1701 3123 in
1762 3069 2015 3123 victoria
2068 3066 2326 3124 dictator
2386 3080 2605 3124 statum
2658 3069 2939 3124 civitatis.
3022 3069 3280 3145 Philipp.
3341 3076 3445 3137 15,
3505 3082 3575 3138 1,
3634 3078 3692 3127 2.

1025 3149 1130 3205 uni
1184 3145 1292 3202 Cn.
1356 3142 1641 3217 Pompeio
1706 3140 2072 3198 descendere
2133 3161 2321 3218 equo,
2391 3173 2453 3184 -
2499 3142 2662 3200 Sulla
2707 3143 2774 3200 C.
2820 3145 3103 3212 Verrem,
3156 3144 3526 3219 proditorem
3575 3145 3691 3204 Cn.

1026 3238 1344 3290 assurgere
1380 3218 1557 3285 sella,
1600 3226 1781 3291 caput
1819 3220 2059 3292 aperire
2093 3217 2327 3274 solitus.
2387 3217 2717 3284 Carbonis,
2767 3225 2849 3287 (a.
2889 3238 2948 3276 u.
2994 3239 3047 3276 c.
3090 3220 3253 3292 671.)
3292 3219 3367 3276 ab
3406 3239 3471 3278 se
3512 3233 3695 3298 atque

1026 3297 1150 3355 Sal.
1197 3296 1351 3351 Hist.
1405 3299 1461 3352 5.
1558 3335 1570 3348 .
1614 3297 1743 3351 255.
1799 3291 1912 3348 Ed.
1963 3292 2131 3349 Gerl.
2178 3295 2322 3349 min.
2387 3292 2459 3350 ab
2513 3296 2781 3350 exercitu
2838 3312 2948 3351 suo
3002 3297 3293 3361 removit3
3360 3294 3698 3353 Beneventi

1024 3398 1097 3414 —-
1140 3370 1303 3428 Sulla
1353 3368 1466 3425 Cn.
1509 3313 1783 3441 Pompeii
1842 3366 2058 3442 opibus
2104 3387 2171 3424 re
2221 3387 2327 3423 na·
2387 3389 2518 3425 esse
2559 3372 2755 3450 iussit.
2836 3369 2910 3426 Ei

1024 3450 1131 3504 vit.
1204 3444 1462 3521 Philipp.
1514 3449 1580 3508 5,
1633 3446 1734 3510 16,
1791 3446 1884 3500 llll.
1925 3474 2001 3487 —
2041 3442 2111 3498 L.
2387 3444 2598 3518 raliter
2646 3442 2898 3513 “tribum

1025 3522 1137 3580 Cn.
1186 3520 1456 3594 Pompeii
1515 3520 1737 3574 virtute
1787 3527 1846 3572 et
1889 3515 2157 3575 subsidio
2207 3519 2328 3574 Ita-

3006 3382 3168 3427 ostea
3221 3375 3492 3445 praemia
3538 3371 3700 3428 libe-

3017 3464 3132 3510 ουρ
3198 3446 3489 3523 quaedam
3547 3465 3697 3520 pro-

2386 3521 2751 3595 scriptorum
2790 3522 2851 3576 in
2892 3537 3041 3596 agro
3077 3512 3505 3581 Beneventano
3544 3521 3699 3578 diri-

2209 3442 2325 3499 ulla

1024 3599 1163 3654 liam
1199 3597 1509 3650 confessus
1545 3604 1637 3648 est
1669 3591 2001 3649 liberatam.
2048 3612 2164 3668 pro
2197 3593 2326 3667 lege

815 3670 822 3678 ’
908 3683 917 3688 “
1023 3671 1268 3729 Manilia
1321 3677 1422 3735 11,
1468 3676 1559 3730 50.
1608 3697 1669 3707 —
1716 3666 1785 3723 L.
1836 3666 2003 3724 Sulla
2060 3669 2129 3725 P.
2180 3667 2321 3724 Sul-

1069 3749 1246 3810 icium
1294 3745 1630 3819 oppressit3
1689 3762 1765 3800 ex
1819 3741 1970 3800 urbe
2029 3745 2204 3801 eiecit
2252 3743 2320 3800 C.

1022 3768 1318 3884 giarium,
1365 3817 1672 3875 custodem
1710 3819 1883 3875 huius
1924 3818 2127 3884 urhis,
2174 3819 2326 3875 inul-

1024 3910 1233 3972 tosque
1279 3898 1468 3953 fortes
1519 3895 1685 3949 viros
1741 3897 1959 3968 partim
2017 3896 2191 3951 eiecit
2252 3914 2326 3950 ex

1024 3975 1317 4037 civitate,
1362 3969 1578 4045 partim
1642 3969 1966 4024 interemit.
2036 3974 2096 4026 iu
2146 3970 2320 4027 Catil.

1023 4053 1093 4115 5,
1151 4059 1250 4114 10,
1296 4038 1397 4114 2‘2.
1438 4074 1499 4084 —
1544 4043 1708 4100 Sulla
1750 4035 1897 4099 asu.
1941 4063 1995 4099 c.
2035 4049 2167 4105 666.
2217 4065 2328 4120 op-

1019 4124 1244 4200 pressit
1293 4116 1742 4193 P.['Sulpicium
1787 4119 2004 4175 Rufum
2051 4118 2194 4177 trib.
2247 4122 2326 4195 pl.

1021 4202 1249 4256 Ascon.
1316 4199 1384 4252 'iu
1443 4194 1680 4252 Cornel.
1745 4213 1807 4269 p.
1871 4198 1967 4253 6'1.
2029 4226 2105 4238 —
2156 4195 2323 4252 Sulla

1019 4293 1153 4330 cum
1217 4272 1486 4345 Sulpicio
1551 4269 1621 4326 de
1681 4271 1810 4325 iure
1869 4270 2102 4343 legum,
2175 4291 2325 4345 quas

1019 4368 1130 4426 per
1188 4351 1323 4416 vim¹
1362 4348 1506 4403 latas
1558 4344 1724 4401 Sulla
1776 4343 2043 4412 dicebat,
2108 4345 2324 4407 bellum

966 4436 968 4440 “
1020 4423 1196 4482 civile
1243 4425 1459 4497 gessit:
1525 4439 1764 4476 rursum
1818 4440 1953 4476 cum
2009 4421 2206 4478 Mario
2269 4435 2327 4479 et

1019 4499 1333 4561 Carbone,
1394 4516 1465 4552 ne
1507 4496 1961 4553 dominarentur
1999 4499 2233 4573 indigui
2268 4507 2329 4556 et

1016 4586 1082 4632 ut
1114 4575 1588 4631 clarissimorum
1628 4572 1932 4628 hominum
1970 4572 2325 4629 crudelissi-

1018 4670 1174 4707 mam
1235 4651 1554 4725 puniretur
1618 4666 1847 4703 necem.
1929 4648 2192 4724 Philipp.
2251 4656 2319 4717 8,

1018 4734 1089 4794 2,
1143 4734 1196 4787 7.
1239 4756 1315 4768 -
1357 4725 1438 4781 Μ.
1498 4722 1800 4794 Vergilius
1859 4721 2002 4779 trib.
2072 4724 2152 4798 pl.
2221 4730 2317 4791 (a.

1017 4820 1075 4857 u.
1120 4821 1173 4858 c.
1218 4806 1378 4867 667.)
1419 4800 1488 4856 L.
1528 4798 1729 4855 Sullae
1771 4800 2124 4872 imperatori
2166 4797 2334 4859 diem,

1018 4876 1189 4932 dixit.
1267 4876 1436 4932 Brut.
1505 4877 1615 4947 48,
1669 4879 1799 4931 179.
1846 4902 1918 4915 -
1958 4873 2125 4930 Inter
2174 4893 2322 4949 pro-

1014 4950 1332 5007 sectionem
1371 4950 1746 5026 reditumque
1785 4946 1857 5002 L.
1903 4946 2106 5004 Sullae
2148 4955 2225 5016 (a.
2264 4971 2322 5006 u.

1014 5043 1070 5081 c.
1095 5028 1444 5100 667—671.)
1485 5029 1613 5082 sine
1655 5028 1782 5080 iure.
1823 5022 1936 5079 fuit
1960 5033 2019 5078 et
2043 5025 2170 5079 sine
2200 5025 2318 5082 ulla

2385 3593 2622 3670 pienda'
2650 3597 2983 3664 concessit;
3039 3595 3245 3653 habuit
3288 3598 3583 3653 honorem
3633 3606 3699 3653 ut

2384 3672 2718 3746 prodjtori,
2765 3690 2883 3727 non
2924 3679 2989 3726 ut
3028 3674 3222 3728 amico
3258 3668 3457 3729 fidem.
3512 3672 3694 3728 Verr.

2385 3746 2669 3802 Accusat.
2741 3755 2804 3814 1,
2867 3750 2972 3815 15,
3036 3752 3129 3807 58.
3193 3776 3255 3787 -
3315 3746 3385 3803 Iu
3447 3747 3698 3804 exilium

2383 3823 2553 3897 pellit
2597 3821 2669 3877 L.
2740 3820 3083 3896 Scipionem
3142 3824 3451 3880 consulem
3512 3843 3569 3878 a.
3629 3842 3692 3878 u.

2385 3917 2439 3953 c.
2477 3904 2606 3956 671.
2668 3895 2870 3954 Sebol.
2906 3896 3057 3954 Bob.
3106 3917 3217 3972 pro
3247 3896 3447 3954 Sestio
3474 3916 3535 3973 p.
3564 3903 3695 3957 293.

2384 4003 2457 4016 —
2512 3972 2729 4028 Rostra
2788 3981 2927 4047 post
2982 3973 3302 4029 adventum
3357 3972 3430 4029 L.
3485 3972 3696 4029 Sullae

2385 4047 2706 4104 tribunicia
2747 4066 2893 4104 voce
2936 4047 3194 4104 deserta.
3251 4066 3367 4124 pro
3412 4047 3695 4105 Cluentio

2383 4127 2689 4189 400110.
2756 4153 2820 4166 --
2884 4122 3198 4180 Sullanum
3259 4142 3535 4197 regnum.
3621 4123 3696 4179 nd

2385 4201 2512 4255 Att.
2547 4204 2613 4263 8,
2661 4205 2721 4255 11
2748 4240 2761 4263 ,
2806 4205 2861 4253 2.
2905 4229 2980 4242 -
3018 4199 3165 4255 Eius
3202 4202 3405 4271 gravis
3435 4199 3693 4255 victoria

2372 4272 2861 4349 turbulentaque.
2918 4292 3030 4348 pro
3085 4273 3248 4332 Sulla
3310 4278 3418 4342 26,
3479 4280 3573 4332 72.
3618 4299 3718 4317 -·

2386 4350 2559 4407 Multi
2600 4349 2696 4418 (ex
2741 4349 2908 4422 plebe
2939 4359 3210 4424 tempore
3248 4349 3694 4404 coniurationis

2386 4424 2796 4493 Catilinariae)
2844 4444 3136 4481 memores
3172 4424 3454 4481 Sullanae
3498 4426 3696 4481 victo-

2382 4496 2542 4564 riae,
2587 4500 2744 4574 quod
2793 4518 2872 4554 ex¹
2895 4500 3191 4575 gregariis
3225 4498 3508 4556 militibus
3538 4499 3695 4556 alios

2384 4585 2694 4631 senatores
2742 4573 3060 4643 videbant,
3121 4577 3268 4632 alios
3315 4577 3392 4630 ita
3450 4576 3692 4640 divites,

2381 4652 2471 4707 uti
2526 4653 2695 4724 regio
2752 4653 2919 4706 victu
2976 4661 3150 4728 atque
3213 4650 3375 4706 cultu
3432 4659 3698 4706 aetatem

2382 4736 2663 4801 agerent,
2731 4724 2847 4781 sibi
2911 4728 3198 4802 quisque,
3264 4727 3318 4782 si
3380 4726 3445 4780 in
3505 4727 3697 4781 armis

2380 4803 2571 4869 foret,
2623 4819 2697 4857 ex
2737 4803 2990 4857 victoria
3031 4801 3170 4858 talia
3214 4820 3241 4856 s
3289 4798 3520 4857 erabat.
3570 4799 3697 4858 Sal.

2383 4877 2556 4934 Catil.
2608 4882 2701 4936 57.
2747 4906 2819 4921 —-
2857 4876 3004 4933 Eius
3047 4877 3217 4953 lege>
3288 4876 3538 4932 rretiuis
3608 4878 3702 4932 ci-

2384 4956 2537 5008 vitas
2596 4952 2867 5026 adempta
2931 4962 3042 5008 est.
3099 4971 3214 5028 pro
3270 4951 3533 5010 Caecina
3596 4957 3692 5019 55.

2380 5033 2475 5088 97.
2522 5056 2594 5068 —
2632 5028 2721 5083 Ita
2781 5027 2917 5083 tulit
2981 5027 3054 5083 de
3116 5027 3391 5094 civitate,
3451 5037 3521 5083 ut
3569 5044 3694 5083 non

1014 5093 1302 5172 dignitate
1332 5120 1428 5157 res
1458 5100 1714 5176 publica.
1766 5097 1936 5154 Brut.
1967 5102 2061 5167 63,
2095 5107 2222 5158 227.
2249 5133 2321 5146 -
2380 5105 2689 5161 sustulerit
2731 5121 2937 5158 eorum
2996 5122 3149 5159 nexa
3211 5113 3389 5181 atque
3452 5101 3699 5159 heredi-

1014 5173 1416 5231 Mithridatem
1454 5196 1590 5233 cum
1618 5173 1776 5235 hello
1804 5176 2106 5230 invectum
2135 5185 2318 5234 totam
2379 5189 2553 5236 tates.
2634 5175 2807 5234 Iubet
2857 5179 3015 5234 enim
3070 5178 3282 5236 eodem
3343 5181 3476 5236 iure
3531 5195 3688 5244 esse,

1014 5252 1078 5307 iu
1109 5250 1320 5307 Asiam
1359 5269 1495 5309 cum
1537 5267 1687 5329 pace
1731 5248 1976 5308 dimisit.
2030 5268 2147 5328 pro
2185 5253 2323 5319 Mu-
2378 5273 2499 5334 quo
2549 5255 2777 5314 suerint
2832 5253 3285 5323 Ariminenses,
3349 5272 3505 5333 quos
3556 5255 3693 5334 quis
