4367 6084
424 614 485 679 aas
816 581 866 680 1.
891 564 1167 681 οοιιιιιιωιιεΙ
1182 611 1353 680 summ.

421 773 492 812 men
518 752 712 812 dubitationis
738 765 873 811 remanet
889 754 1010 811 Dukero
1037 753 1074 810 ad
1105 752 1179 812 Cato
1196 756 1226 820 9,
1247 757 1293 811 29.
1319 782 1349 792 -
1371 752 1448 809 Eum
1467 752 1575 811 scribit
1588 754 1664 812 Cato
1683 758 1758 813 soli-

422 831 490 889 Liv.
512 831 533 888 l.
555 830 576 886 1.
616 830 692 885 Ean.
1104 841 1167 885 tum
1196 846 1262 885 esse
1292 827 1409 894 dicere,
1444 848 1596 907 nunquam
1626 849 1659 887 se
1690 833 1756 906 plns

1104 923 1209 980 agere,
1238 923 1328 979 quam
1349 903 1424 960 nihil
1443 923 1510 962 cum
1530 917 1652 978 ageret,
1678 926 1759 964 uun-

460 982 495 1037 P.
512 974 811 1044 CoausnrosScrrro,
829 978 992 1035 Africanus
1010 997 1074 1033 ma·
1104 999 1192 1057 quam
1217 983 1316 1036 minus
1339 981 1436 1035 solum
1462 999 1543 1047 esse,
1572 1000 1663 1056 quam
1689 1002 1758 1039 cum

422 1058 480 1114 ior.
515 1055 631 1112 Aedilis
650 1055 763 1111 curulis
782 1055 839 1110 tuit
858 1073 965 1110 amc.
986 1059 1071 1119 5t1.;
1104 1055 1186 1111 solus
1214 1064 1303 1111 esset.
1340 1054 1376 1111 de
1396 1055 1469 1128 ch.
1492 1064 1525 1121 1,
1554 1065 1607 1122 17,
1633 1063 1681 1113 27.
1721 1058 1758 1113 de

421 1131 575 1188 aedilicius
590 1149 617 1184 a.
629 1148 658 1184 u.
670 1148 697 1185 c.
709 1133 774 1188 515.
798 1129 975 1204 Hispaniam
988 1141 1073 1184 extra
1104 1131 1163 1188 Off.
1182 1136 1210 1196 5,
1228 1143 1254 1194 1,
1273 1140 1299 1188 1.
1309 1161 1346 1173 -
1357 1130 1487 1202 Legatos
1501 1133 1588 1186 fratri
1602 1134 1757 1205 profectus

421 1206 559 1264 ordinem
581 1204 780 1279 proconsule
801 1204 1072 1280 obtinuiteamque
1103 1210 1135 1262 in
1156 1207 1271 1262 Asiam.
1303 1226 1360 1280 pro
1381 1206 1508 1262 Murena
1528 1200 1578 1272 11,
1601 1213 1648 1266 52.
1680 1208 1758 1264 Vide

420 1283 610 1358 provinciam
645 1289 809 1354 prorogato
844 1281 971 1357 imperio
1005 1299 1072 1336 cum
1103 1282 1137 1338 L.
1148 1282 1316 1339 conamus
1327 1280 1431 1337 Scraro
1442 1282 1757 1357 Mauricus-Lega-

421 1359 556 1415 exercitu
569 1373 624 1431 per
637 1366 795 1432 sequentes
806 1373 902 1411 anuos
913 1355 1072 1414 511-518.
1103 1367 1164 1413 tum
1179 1375 1210 1411 se
1222 1356 1255 1411 1..
1265 1355 1403 1431 Scipioni
1411 1357 1499 1413 {ratri
1514 1359 1624 1412 minori
1635 1356 1755 1414 obtulit.
1795 1365 1799 1371 '

419 1435 519 1491 tenuit
528 1429 629 1508 ibique
644 1435 706 1487 ceni
719 1429 984 1504 publicameontra
995 1430 1072 1486 Poe·
1103 1433 1231 1506 Philipp.
1255 1438 1302 1495 11,
1324 1439 1352 1497 7,
1374 1432 1423 1492 17.
1443 1432 1573 1488 -Eius
1595 1433 1626 1487 in
1647 1452 1681 1488 re
1702 1454 1757 1508 ge-

421 1527 478 1564 nos
505 1507 675 1563 felicissime
700 1507 802 1582 gessit.
835 1506 960 1561 Romam
983 1506 1073 1561 rediit
1102 1507 1197 1563 runda
1218 1506 1366 1562 celeritas.
1396 1506 1485 1564 Verr.
1503 1508 1645 1563 Accusat.
1663 1515 1690 1573 5,
1708 1520 1754 1572 10,

421 1602 450 1640 a.
469 1602 498 1638 u.
519 1601 545 1639 c.
563 1585 628 1640 518.
656 1582 855 1655 Triumphum
875 1592 974 1636 tamen
995 1581 1073 1637 haud
1102 1582 1399 1656 25.-Responsum
1417 1583 1454 1638 ab
1471 1602 1506 1638 eo
1518 1582 1683 1639 Corinthiis
1703 1585 1757 1638 da-

421 1668 601 1716 consecutus
616 1668 672 1722 est,
688 1657 768 1733 quod
782 1658 818 1712 ad
833 1675 897 1711 eam
908 1656 985 1712 diem
999 1675 1071 1712 con·
1103 1670 1175 1715 tuin.
1198 1659 1233 1714 de
1245 1657 1299 1714 Or.
1316 1666 1343 1723 2,
1360 1661 1409 1730 65,
1423 1666 1489 1717 262.
1508 1690 1539 1700 -
1555 1657 1629 1713 Eius
1645 1658 1758 1716 dictum

421 1731 520 1791 stabat
538 1734 690 1789 neminem
708 1733 918 1806 triumphasse,
941 1734 1072 1807 quisine
1104 1737 1134 1790 in
1148 1735 1190 1791 M.
1205 1734 1362 1799 Naevium,
1384 1753 1401 1789 a
1422 1753 1480 1810 quo
1501 1743 1566 1788 crat
1586 1745 1756 1790 accusatus.

325 1869 328 1875 ,
421 1810 600 1883 magistratu
615 1826 679 1863 rem
693 1813 846 1882 gessisset.
873 1809 1072 1865 A.u.c.5't9.
1104 1810 1139 1865 de
1154 1810 1208 1866 Or.
1223 1817 1250 1874 2,
1267 1813 1314 1874 61,
1331 1808 1539 1879 2‘t9.-Quid
1553 1808 1579 1863 ei
1595 1809 1707 1864 dixerit
1721 1810 1756 1865 P.

420 1882 1074 2033 Ξῖὲῗέ“1’.ξὲ’.ῗ.“ἳ1ἷῖἳέῗ’51511ζὶ51ὲῖ1
1103 1883 1615 2036 bittit.l³¹a¹t⁵·.ll';l..t.i?⁰a
1638 1889 1761 2033 aiiii?

422 2033 525 2093 Sicilia
540 2044 626 2123 extra
643 2035 780 2090 ordinem
800 2036 962 2106 assignata,
986 2051 1074 2109 quam
1104 2056 1188 2103 nem,
1210 2046 1366 2110 praeterea
1382 2037 1512 2091 civitatis
1531 2044 1653 2091 nostrae
1669 2055 1760 2108 prae-

421 2128 448 2166 a.
469 2114 534 2168 550.
561 2121 724 2182 prorogato
749 2110 875 2184 imperio
896 2111 1009 2176 tenuit,
1037 2127 1074 2164 ex
1104 2112 1202 2168 claros
1217 2114 1298 2167 viros
1309 2110 1413 2166 solitos
1428 2114 1467 2165 ita
1481 2109 1592 2175 dicere,
1610 2129 1679 2166 eum
1694 2131 1760 2165 tua-

421 2203 515 2262 eaque
541 2203 609 2241 cum
635 2183 729 2241 classe
750 2187 779 2241 in
801 2184 934 2240 Africam
955 2186 1074 2240 traiecit
1104 2189 1202 2242 iorum
1216 2188 1361 2258 imagines
1377 2189 1577 2250 intuerentur,
1596 2186 1759 2241 vehemen-

421 2278 545 2336 eamque
566 2279 592 2315 a.
610 2263 675 2317 551.
692 2265 755 2317 552.
771 2266 835 2319 555.
854 2263 949 2315 tenuit
966 2279 1000 2314 ac
1022 2260 1074 2315 dc·
1102 2264 1227 2318 tissume
1248 2261 1306 2317 sibi
1329 2265 1458 2316 animum
1482 2261 1519 2316 ad
1545 2263 1684 2315 virtutem
1705 2281 1759 2317 ac-

420 2334 532 2394 hellato
553 2334 590 2390 ad
605 2335 728 2397 Zamam
743 2332 913 2391 Hannibale
934 2354 971 2390 ex
992 2334 1024 2392 S.
1041 2335 1074 2392 C.
1104 2337 1200 2394 cendi.
1234 2336 1296 2393 Sal.
1319 2337 1385 2411 lug.
1407 2337 1435 2392 1.
1467 2336 1525 2392 Hic
1545 2335 1757 2408 locusacuelius

421 2422 452 2468 et
471 2410 575 2486 populi
594 2410 679 2466 iussu
700 2427 805 2484 pacem
824 2429 890 2466 cum
904 2412 1014 2467 Poenis
1030 2411 1074 2466 se·
1104 2412 1140 2469 ad
1161 2414 1336 2485 Africanum
1354 2413 1498 2467 maiorem
1516 2412 1648 2466 refertur
1669 2430 1758 2487 quam

421 2488 464 2543 cit
483 2498 513 2541 et
532 2485 700 2543 clarissimo
719 2487 872 2561 triumpho
893 2485 1007 2544 Urbem
1026 2488 1075 2541 in·
1104 2488 1152 2544 vel
1171 2487 1208 2543 ad
1224 2490 1371 2543 minorem
1395 2487 1441 2542 vel
1461 2487 1498 2542 ad
1518 2487 1551 2543 P.
1569 2484 1755 2560 Scipionem,

422 2580 544 2636 gressus
559 2573 613 2618 est.
642 2563 780 2618 Africani
796 2580 963 2638 cognomen
978 2563 1074 2617 hono·
1104 2564 1154 2640 qni
1174 2573 1300 2618 matrem
1322 2564 1441 2619 Idaeam
1462 2562 1587 2635 accepit.
1613 2592 1642 2603 -
1672 2563 1757 2618 Atri-

419 2639 463 2694 ris
484 2656 573 2694 causa
594 2636 718 2711 adeptus
739 2646 794 2693 est.
824 2641 860 2693 A.
882 2643 946 2696 555.
965 2656 1073 2694 censor
1104 2657 1195 2695 canus
1215 2641 1310 2694 maior
1331 2639 1432 2696 dicere
1454 2637 1577 2703 solitus,
1603 2655 1758 2712 uunquam

419 2713 475 2770 tuit
495 2731 563 2769 cnm
582 2713 617 2768 P.
635 2712 722 2768 Aelio
742 2712 845 2769 Paeto.
874 2714 911 2768 A.
928 2717 994 2773 560.
1017 2713 1073 2768 ite·
1103 2734 1135 2771 se
1149 2717 1247 2770 ininus
1262 2716 1391 2770 otiosum
1404 2731 1479 2778 esse,
1492 2731 1581 2789 quam
1596 2730 1663 2767 cum
1677 2715 1759 2767 otio-

419 2807 487 2845 rum
513 2788 618 2844 consul
644 2788 700 2844 fuit
726 2805 794 2843 cum
816 2789 865 2844 Ti.
892 2788 1073 2863 Sempronio
1102 2799 1316 2846 susessetcet.
1345 2789 1380 2844 de
1392 2787 1451 2844 011.
1469 2795 1497 2851 5,
1515 2799 1541 2855 1,
1560 2799 1586 2844 1.
1609 2816 1645 2830 -
1665 2787 1757 2845 Nulla

420 2862 538 2934 Longo·
579 2864 704 2920 Praeter
732 2862 890 2930 Publium,
922 2865 1073 2920 hominem
1103 2868 1167 2921 eius
1185 2866 1299 2937 ingenii
1317 2873 1507 2921 monumenta
1525 2861 1662 2918 mandata
1675 2863 1757 2918 litte-

420 2937 611 3000 imbecillum,
626 2951 741 3013 patrem
754 2940 925 3014 adoptivum
935 2940 1072 2996 Africani
1103 2944 1167 3005 ris,
1192 2939 1305 2995 nullum
1325 2958 1401 3014 opus
1420 2942 1489 3001 otii,
1515 2938 1630 2995 nullum
1649 2937 1757 2993 solitu·

419 3016 566 3078 minoris,
595 3013 700 3071 hahuit
721 3015 811 3070 etiam
832 3014 960 3070 alterum
979 3012 1073 3071 lilium
1104 3017 1181 3072 dinis
1196 3034 1303 3071 munus
1318 3024 1425 3071 exstat.
1453 3013 1656 3074 1611111.-
1679 3012 1756 3067 Eum

420 3089 553 3147 Gnaeum
580 3089 701 3163 (Valer.
729 3088 810 3144 Max.
839 3094 873 3157 1,
902 3090 953 3164 5.)
986 3109 1072 3166 quiem
1103 3093 1273 3164 acciepimus
1294 3109 1355 3146 non
1374 3090 1518 3145 infantem
1534 3090 1636 3144 luisse.
1667 3087 1752 3143 Brut.

418 3165 540 3241 Pighius
567 3164 604 3220 ad
631 3186 659 3221 a.
687 3167 751 3222 559.
780 3170 870 3233 (560.)
896 3177 981 3239 putat
1007 3184 1072 3221 esse
1104 3174 1157 3232 19,
1181 3173 1226 3224 77.
1251 3198 1281 3208 -
1304 3165 1352 3221 Ab
1375 3185 1409 3221 eo
1432 3168 1462 3220 in
1485 3165 1645 3220 amicitiam
1668 3181 1755 3218 recc-

418 3259 497 3308 eum,
519 3242 570 3317 qui
584 3240 663 3314 apud
678 3239 796 3295 Liuium
817 3245 863 3305 11,
885 3247 930 3297 27.
950 3238 985 3296 Ι..
1005 3239 1072 3297 Sci·
1103 3253 1171 3317 ptus
1182 3241 1351 3297 Masinissa.
1368 3239 1429 3297 Sal.
1440 3241 1505 3314 lug.
1521 3245 1547 3298 5.
1558 3238 1755 3314 -Agrigen-

416 3319 469 3394 pio
495 3315 607 3372 dicitur
632 3323 766 3390 praetor.
809 3313 880 3371 Ena.
902 3346 940 3358 -
960 3317 1072 3373 Mortui
1103 3319 1173 3374 tinis
1194 3315 1231 3372 de
1251 3327 1357 3374 senatu
1377 3314 1547 3390 cooptando
1564 3314 1645 3388 leges
1661 3313 1753 3369 dedit.

859 3394 863 3402 ·
1066 3394 1071 3404 ·
1133 3419 1135 3422 .
1585 3397 1601 3428 o
1711 3396 1744 3430 o·

343 3457 346 3464 ,
419 3389 1755 3541 a⁰a:..:².t.¹¹¹aata‘¹:i·satta1·⁰.i.‚⁵²¹.⁹.;..tte.t⁰mt.aitte.

419 3541 456 3607 1,
480 3547 534 3611 15,
556 3547 603 3598 22.
622 3568 656 3584 -
677 3541 729 3598 Sci
753 3543 780 3597 io
801 3542 961 3598 Africanus
983 3560 1073 3617 supe-
1102 3545 1133 3600 in
1153 3544 1289 3599 Africam
1307 3542 1408 3599 redire
1429 3553 1517 3617 atque
1538 3558 1575 3596 ex
1594 3538 1682 3596 ltalia
1702 3539 1756 3595 de·

420 3619 502 3683 rior,
527 3615 690 3673 admodum
707 3561 882 3673 adolescens
902 3619 1008 3674 consul
1027 3620 1072 3674 sa·
1102 3620 1210 3676 cedere
1227 3628 1349 3675 coactus
1363 3627 1418 3685 est.
1447 3620 1479 3674 iu
1494 3615 1582 3673 Catil.
1599 3618 1629 3682 1,
1646 3622 1692 3681 10,
1710 3621 1755 3671 21.

419 3703 498 3748 ctus.
546 3690 676 3767 Philipp.
708 3696 743 3760 5,
778 3699 830 3757 17,
860 3699 908 3752 16.
937 3718 972 3733 -
999 3692 1071 3764 ,Ab
1103 3725 1136 3738 -
1157 3693 1275 3752 Bellum
1293 3695 1440 3750 Punicum
1458 3690 1622 3749 secundum
1643 3709 1659 3744 a
1679 3707 1755 3764 por-

419 3769 484 3824 cius
509 3778 607 3823 morte
630 3767 723 3837 (Cato
743 3766 908 3824 Censorius
928 3779 993 3833 est,
1022 3771 1072 3845 qui
1101 3771 1140 3826 tis
1161 3770 1248 3825 huius
1268 3767 1354 3825 urhis
1381 3768 1515 3824 avolsum
1540 3764 1687 3840 compulit
1705 3766 1756 3820 in-

419 3840 740 3918 loquensinducitur)
766 3845 872 3899 tertius
896 3844 944 3899 hic
968 3855 998 3899 et
1016 3845 1073 3900 tri·
1101 3855 1149 3901 tra
1169 3846 1299 3901 hostium
1318 3846 1446 3900 moenia.
1478 3843 1513 3899 dc
1527 3842 1603 3916 Rep,
1626 3847 1653 3906 1,
1676 3848 1704 3903 1,
1728 3845 1754 3893 1.

419 3919 549 3974 cesitnus
570 3927 616 3973 est
635 3934 734 3974 sunus
755 3918 834 3985 (scil.
854 3937 882 3974 a.
900 3937 929 3975 ιι.
947 3937 972 3974 c.
992 3923 1069 3986 601).
1103 3950 1138 3963 -
1158 3920 1321 3976 Africanus
1335 3920 1432 3975 maior
1445 3949 1481 3962 -
1494 3919 1584 3973 etiam
1603 3934 1620 3970 a
1637 3932 1669 3970 se
1688 3917 1755 3989 ipso

418 3994 509 4051 Auno
528 4003 596 4049 ante
615 4011 663 4049 me
681 3990 838 4050 censorem
858 3994 938 4069 (au.
951 4013 978 4051 c.
991 3999 1071 4065 570.)
1090 4009 1190 4070 'saepe
1204 4006 1361 4052 accusatus
1372 4005 1428 4059 est,
1448 3993 1540 4070 quod,
1561 4009 1629 4046 cum
1646 3988 1756 4046 consul

419 4079 556 4125 mortuus
577 4079 622 4124 est
643 4074 685 4135 (a.
701 4087 730 4125 ιι.
742 4088 770 4125 c.
786 4074 868 4143 569.)
888 4087 997 4125 novem
1017 4089 1072 4125 an·
1102 4082 1181 4126 esset
1203 4090 1271 4129 cum
1293 4071 1341 4126 Ti.
1363 4069 1469 4145 Longo
1492 4069 1533 4138 (a.
1553 4086 1584 4125 u.
1606 4086 1634 4122 c.
1657 4071 1757 4133 560.)‚

419 4146 467 4202 uis
477 4154 547 4219 post
556 4162 655 4200 meum
667 4144 855 4201 consulatum
868 4151 908 4213 (a.
918 4163 947 4200 u.
958 4148 1071 4215 ι.559.)
1101 4165 1208 4221 passus
1231 4157 1311 4203 esset
1335 4157 1398 4202 tum
1423 4147 1553 4217 primum
1576 4161 1593 4197 a
1613 4140 1755 4216 populari

408 4238 486 4287 ,cum
501 4219 608 4276 consul
621 4220 730 4276 iterum
743 4238 789 4276 me
803 4219 1073 4293 cousuledesigna·
1102 4239 1246 4279 consessu
1268 4223 1317 4288 (in
1338 4216 1580 4297 Megalensibus)
1601 4216 1756 4273 senatoria

418 4304 467 4351 tus
486 4294 596 4353 esset.”
625 4295 700 4352 Cato
718 4298 748 4363 6,
771 4299 815 4353 19.
845 4295 1072 4355 stastatuta
1102 4296 1243 4355 subsellia
1257 4300 1403 4371 separari.
1424 4289 1754 4366 Cornel.t.l²ragmm.

418 4370 489 4428 vot.
505 4375 533 4429 5.
553 4389 581 4445 p.
598 4375 643 4429 75.
666 4401 702 4414 -
723 4369 863 4445 Optimus
883 4381 972 4448 atque
991 4370 1074 4429 iuvi-
1102 4378 1147 4433 12.
1167 4391 1235 4447 pag.
1254 4374 1320 4429 119.
1338 4401 1376 4415 -
1395 4372 1584 4447 Megalenses
1603 4367 1668 4423 ludi
1687 4373 1757 4422 sunt

419 4447 571 4504 ctissimus
585 4446 643 4502 vir.
671 4445 706 4503 de
721 4445 797 4520 Rep.
813 4454 842 4513 6,
859 4454 888 4513 9,
904 4451 932 4504 9.
955 4446 1072 4517 (Somu.
1101 4466 1185 4506 more
1206 4448 1410 4525 institutisque
1433 4447 1561 4504 maxime
1582 4443 1674 4506 casti,
1695 4440 1758 4496 sol·

418 4520 504 4597 Seip.
530 4521 563 4579 C.
586 4525 627 4588 1.)
653 4553 690 4567 ·-
715 4521 856 4578 Formula
880 4525 1023 4599 triumphi
1045 4524 1072 4579 ei
1102 4524 1215 4581 lemnes
1229 4523 1380 4594 religiosi3
1403 4520 1512 4600 quibus
1530 4517 1610 4576 ludis
1624 4518 1758 4604 primum

419 4596 535 4655 decreti
554 4615 634 4664 ovon
648 4617 714 4654 atvs
727 4616 861 4654 vmrvrs
882 4617 944 4655 aar
957 4618 1074 4656 asuci-
1102 4609 1172 4656 aute
1197 4599 1300 4673 populi
1322 4617 1497 4657 consessum
1518 4603 1637 4654 senatur
1659 4592 1759 4647 locum

420 4691 528 4730 rans.
555 4713 590 4729 ..
631 4673 668 4729 de
688 4673 777 4729 Finu.
800 4676 828 4742 1,
850 4680 878 4740 9,
901 4681 947 4732 22.
972 4704 1003 4714 -
1025 4672 1074 4729 Ad
1102 4675 1136 4732 P.
1152 4674 1316 4731 Africanus
1338 4679 1448 4731 iterum
1466 4669 1572 4730 consul
1589 4666 1640 4724 ille
1661 4667 1759 4722 maior

419 4747 607 4805 honestatem
626 4767 745 4806 omnem
766 4758 906 4805 conatum
919 4768 1005 4806 suum
1024 4767 1073 4805 re·
1103 4749 1194 4807 dedit.
1235 4749 1271 4820 de
1294 4750 1426 4825 Harusp.
1451 4768 1534 4823 resp.
1563 4751 1616 4811 12,
1643 4746 1690 4800 21.
1723 4770 1760 4782 -

419 4822 554 4891 terebat,
577 4843 638 4881 non
659 4824 696 4881 ad
709 4826 902 4899 voluptatem.
933 4826 969 4882 de
983 4826 1071 4881 Finu.
1103 4826 1193 4882 Ennii
1207 4825 1356 4883 distichon
1372 4829 1400 4883 iu
1413 4827 1476 4882 eius
1486 4823 1614 4880 laudem.
1636 4815 1759 4873 Tuscul.

420 4905 449 4962 2.
467 4908 512 4966 17,
528 4905 576 4961 57.
598 4900 760 4976 -Scipio
779 4901 943 4957 Airicanus
963 4901 1071 4966 maior,
1105 4902 1258 4970 5,17,19.
1282 4933 1315 4944 -
1337 4901 1429 4958 Ennii
1443 4917 1549 4957 uersus
1571 4896 1603 4951 iu
1618 4894 1682 4949 eius
1697 4893 1759 4977 lau·

421 4970 561 5040 Paullus,
585 4974 623 5046 Q.
646 4976 813 5032 Maximus:
836 4993 938 5030 eorum
960 4995 1020 5031 non
1042 4978 1073 5031 in
1105 4976 1182 5033 dem.
1212 4976 1248 5035 de
1267 4977 1356 5033 Finu.
1380 4979 1490 5043 2,52,
1513 4975 1578 5030 106.
1601 4998 1632 5008 -
1657 4968 1759 5041 Sctpw

420 5052 568 5105 sententia
583 5050 691 5117 solum,
713 5052 766 5107 sed
786 5050 875 5106 etiam
893 5052 923 5106 in
938 5060 1011 5107 nutu
1024 5070 1075 5106 re·
1105 5053 1231 5109 invicte!
1260 5052 1377 5108 Ennius
1399 5051 1482 5116 dixit.
1511 5050 1598 5106 Orat.
1621 5048 1670 5113 15,
1694 5048 1756 5101 152·

423 5120 539 5178 sidebat
565 5129 740 5182 auctoritas.
780 5124 854 5182 Cato
882 5133 934 5191 17,
963 5134 1010 5190 61.
1038 5156 1075 5169 -
1105 5128 1141 5184 de
1163 5129 1251 5184 Finn.
1275 5134 1302 5195 5,
1324 5130 1372 5195 21,
1398 5132 1443 5187 to.
1480 5122 1589 5182 Parad·
1611 5128 1640 5184 1.
1665 5128 1692 5186 2.
1714 5125 1757 5174 12·

423 5197 573 5264 Goinitatu
587 5199 1072 5265 nobiliumiuvenumiortnuntus.
1105 5203 1239 5261 Herenn.
1262 5207 1291 5271 1,
1314 5209 1341 5271 5,
1363 5210 1390 5262 7.
