4367 6084
821 650 1043 736 crumas
1067 651 1265 720 cassan.
1646 657 1707 722 aas

376 809 457 848 nnnc
479 792 608 865 primum
634 794 660 848 ei
681 793 876 849 resistamus?
904 792 942 851 οἱ)
967 789 1026 871 γὰρ
1056 795 1144 850 etiam
1169 793 1334 870 appelletur
1355 803 1512 865 tyrannus.
1550 794 1594 852 lb.
1616 800 1652 863 lt,
1675 806 1704 856 2.

373 868 412 938 dr)
431 866 498 924 :tide
515 868 619 943 μιλζον
646 864 693 925 ’ἐπι
711 873 825 937 κακον,
852 887 940 944 quam
960 887 1026 924 cum
1058 899 1088 908 —
1118 870 1212 925 Plane
1248 870 1402 925 iracundia
1437 869 1545 926 elatum
1574 872 1705 929 voluisse

373 942 609 1018 quinquennium
621 941 876 1018 prorogabamus;
890 954 940 998 aut
950 963 1027 1012 curn,
1055 944 1215 1000 Caesarem
1236 945 1332 1001 occidi
1353 943 1521 1011 Metellum,
1552 945 1705 1005 tribunum

371 1027 405 1073 ut
433 1019 565 1074 absentis
592 1020 670 1073 ratio
696 1017 872 1084 haberetur,
907 1017 1026 1076 sereba-
1055 1017 1146 1092 plebi,
1163 1019 1279 1093 aliaque
1293 1018 1329 1074 ad
1341 1017 1502 1075 Caesarem
1524 1023 1704 1093 pertinentia

370 1111 453 1149 mus:
488 1094 547 1150 nisi
575 1094 653 1151 lortc
681 1095 754 1151 boec
784 1094 825 1150 illi
854 1106 914 1151 tum
943 1114 1024 1149 arma
1054 1094 1147 1150 Curio
1173 1096 1267 1150 refert
1294 1093 1444 1150 Ciceroni.
1484 1094 1529 1150 ΙΙ).
1553 1096 1625 1152 Ead.
1646 1097 1704 1172 Ep.

369 1169 522 1234 dedimus,
555 1179 587 1224 ut
617 1186 697 1226 nuuc
726 1188 793 1225 cum
822 1169 897 1226 benc
917 1179 1024 1245 parato
1054 1182 1078 1231 t.
1102 1179 1130 1231 8.
1153 1197 1186 1211 -·
1207 1169 1319 1225 Caesar
1338 1167 1571 1227 florentissimus
1594 1191 1628 1230 ac
1650 1192 1706 1229 no·
1738 1239 1740 1243 ,

391 1261 582 1316 ugaaremus.
613 1247 649 1299 ad
670 1245 733 1300 Att.
756 1250 783 1310 7,
805 1249 834 1313 6,
857 1253 885 1303 2.
908 1276 942 1287 -
964 1246 1024 1301 Ρο-
1053 1263 1108 1300 vus
1129 1244 1180 1300 vl.
1202 1244 1269 1300 VII.
1292 1243 1396 1301 diebus
1416 1247 1475 1319 ipsi
1495 1247 1538 1302 illi
1560 1251 1706 1323 egentiac

369 1262 483 1377 blicani
504 1336 584 1376 nunc
605 1317 729 1376 Caesari
749 1331 818 1376 suut
838 1319 1022 1377 amicissimi.
1053 1319 1187 1395 perditae
1208 1319 1389 1376 multitudini
1410 1323 1440 1376 in
1461 1322 1561 1377 odimu
1576 1321 1707 1380 acerbis·

369 1393 416 1452 th.
437 1394 494 1471 Ep.
517 1401 545 1461 7,
569 1399 594 1453 5.
615 1425 652 1439 -
673 1395 784 1451 Multae
805 1399 868 1453 eius
889 1399 1023 1451 actiones
1053 1395 1159 1450 simum
1176 1397 1274 1461 veuit;
1296 1397 1347 1471 qui
1361 1396 1486 1451 duarum
1500 1417 1599 1453 rernm
1614 1400 1706 1454 simu-

369 1479 576 1528 memorantur
595 1467 705 1526 ibidem
726 1471 939 1533 att-ntus
959 1490 1024 1526 om·
1053 1471 1194 1527 lationem
1225 1482 1285 1525 tam
1307 1472 1367 1527 cito
1387 1473 1501 1538 amisit,
1533 1485 1706 1529 mansuetu-

370 1543 461 1603 nibus
487 1557 533 1602 est
559 1546 766 1619 exploratum,
798 1549 823 1602 si
853 1545 925 1603 boni
952 1546 1024 1602 victi
1054 1547 1133 1601 dinis
1148 1548 1178 1600 in
1193 1545 1516 1611 Metello,divitiarum
1531 1550 1560 1603 in
1575 1551 1703 1607 aerario.

371 1622 452 1688 sint,
473 1639 530 1677 uec
550 1621 581 1675 in
601 1618 692 1677 caede
706 1623 878 1697 principum
894 1623 1023 1679 clemen·
1053 1620 1097 1678 ΙΙ).
1118 1621 1174 1696 Ep.
1197 1628 1233 1688 ΙΙ,
1263 1629 1289 1681 6.
1314 1649 1348 1663 -
1370 1621 1502 1678 Corrnat
1521 1622 1633 1680 Caesar
1653 1643 1707 1680 ne-

370 1697 480 1754 tiorem
499 1696 579 1753 hunc
599 1695 680 1762 sore,
701 1715 790 1772 quam
810 1697 905 1754 Cinna
926 1699 1026 1760 luerit,
1054 1706 1138 1753 cesse
1159 1707 1204 1752 est
1223 1706 1274 1752 aut
1293 1715 1347 1771 per
1372 1698 1563 1755 adversarios
1577 1710 1628 1755 aut
1642 1701 1706 1775 ipse

371 1788 429 1831 nec
452 1771 683 1829 moderatiorem
731 1788 797 1828 uam
817 1772 899 1830 Sulla
920 1775 950 1829 in
972 1791 1025 1847 pe·
1054 1789 1177 1847 perse,
1210 1773 1262 1848 qui
1282 1771 1400 1849 quidem
1421 1771 1478 1829 sibi
1498 1785 1543 1829 est
1563 1776 1707 1831 adversa-

373 1848 471 1906 cuniis
485 1845 689 1922 locupletium.
710 1793 793 1904 lhid.
808 1861 832 1912 t.
846 1856 872 1906 7.
889 1850 1026 1905 -Pom-
1055 1850 1118 1904 rius
1138 1865 1215 1903 unus
1236 1850 1411 1904 acerrimus.
1450 1847 1484 1903 Id
1512 1867 1602 1923 spero
1628 1852 1706 1907 rivis

373 1926 433 2000 peii
453 1924 557 1999 opinio
584 1922 620 1978 de
641 1921 786 1988 Caesare,
821 1943 908 2001 quem
937 1926 1026 1980 vehe-
1056 1922 1144 1980 nobis
1163 1924 1238 1979 fore.
1264 1921 1307 1978 ΙΙ).
1329 1933 1353 1984 t.
1377 1930 1405 1982 8.
1430 1951 1461 1962 -
1484 1923 1623 1981 Caesaris
1643 1929 1707 2000 epi-

373 2011 491 2071 mentcr
516 1997 567 2055 ille
593 1996 812 2056 contemnebat.
849 2000 893 2056 ΙΙ).
915 1999 972 2073 Ep.
995 2007 1024 2065 8,
1055 1998 1131 2056 stola
1152 1998 1187 2053 ad
1202 1997 1379 2054 Ciceronem
1398 2000 1500 2053 missa.
1529 1998 1573 2055 ΙΙ).
1592 2000 1648 2074 Ep.
1669 2000 1704 2056 B.

338 2115 343 2134 .
372 2077 403 2134 lt.
424 2060 625 2159 ⁴-eqflolv'eudi
655 2084 725 2131 snut
751 2076 865 2131 numini
884 2073 1025 2131 Caesari:
1054 2104 1091 2117 -
1120 2073 1202 2130 Nihil
1234 2073 1383 2129 inimicius
1416 2092 1504 2148 quam
1540 2072 1597 2130 sibi
1630 2078 1705 2148 ipse.

363 2161 421 2207 est
446 2146 525 2207 anim
554 2146 703 2229 ἅμορᾳον
722 2152 1026 2227 ἀντιπολιτευομένου
1054 2150 1129 2206 Illud
1151 2159 1232 2204 recte
1253 2151 1361 2222 times,
1378 2167 1416 2204 ne
1435 2160 1514 2205 ruat.
1545 2149 1578 2206 Si
1599 2149 1706 2226 despe-

532 2233 538 2246 '
917 2250 954 2266 ..-
1111 2227 1115 2236 '
1563 2233 1580 2266 9
1673 2256 1703 2267 .-

332 2264 338 2274 .
368 2223 843 2376 Clfflreilbtdiboeibbleiillbidl'
865 2231 921 2376 ΙΙΙ),
943 2225 1025 2369 93²
1054 2221 1647 2380 ΙΙΙΙΙΙΙΙΙΙΙεΝΙιΥΙΙΙΙιιρεΙΙ.οξιΙΙιΙεΙιίδε
1661 2304 1707 2357 vi·

374 2375 581 2433 -Labienus
602 2376 740 2433 discessit
760 2375 797 2432 ab
818 2375 949 2433 Caesare
978 2382 1023 2444 (a.
1054 2380 1167 2433 ctoria:
1200 2394 1266 2431 cnm
1288 2386 1412 2451 propter
1433 2375 1557 2432 alterius
1578 2376 1709 2433 crudeli-

375 2474 406 2510 ιι.
428 2457 552 2520 ε.ι,705.)
579 2451 687 2509 Utrum
708 2451 743 2507 de
765 2453 947 2526 imperatore
968 2471 1025 2526 po-
1054 2462 1162 2518 tatem‚
1195 2450 1317 2507 alterius
1347 2449 1520 2519 audaciam,
1552 2464 1614 2507 tum
1635 2471 1708 2528 pro·

375 2528 439 2605 puli
458 2518 584 2584 Bouiani
614 2545 653 2582 an
679 2527 714 2583 de
736 2525 901 2583 Hannibale
928 2528 1025 2613 loqui·
1055 2537 1122 2602 pter
1148 2529 1302 2601 utriusque
1332 2524 1535 2583 difficultatem
1564 2531 1708 2602 pecunia·

374 2603 465 2660 mur?
497 2599 693 2681 Oboqiuem
720 2613 868 2658 amentem
887 2614 916 2658 et
935 2620 1026 2659 mise·
1054 2604 1149 2669 riam,
1172 2619 1229 2677 qua
1250 2602 1313 2657 erui
1333 2620 1485 2678 uunquam
1508 2604 1565 2658 nisi
1586 2621 1623 2658 ex
1643 2604 1706 2678 pri-

374 2697 459 2745 rum,
479 2679 533 2755 'qui
552 2696 590 2734 ne
608 2675 748 2734 umbram
764 2678 883 2753 quidem
896 2697 1026 2755 uuquam
1056 2687 1193 2733 vatorum
1213 2674 1302 2732 bouis
1322 2688 1434 2752 posset.
1463 2676 1508 2733 lb.
1531 2677 1587 2753 E'p.
1611 2682 1657 2742 tl.
1680 2687 1706 2736 1.

373 2756 431 2813 τοῦ
460 2755 558 2811 καλοῦ
587 2753 710 2809 viderit!
747 2755 846 2830 Atque
883 2753 956 2810 haec
985 2755 1027 2809 ait
1059 2782 1088 2793 -
1111 2751 1210 2808 Audio
1238 2750 1398 2809 Caesarem
1425 2771 1459 2808 ea
1486 2765 1606 2809 senatus
1632 2773 1707 2811 con·

373 2829 474 2885 orunia
493 2827 593 2884 Iacere
615 2847 647 2884 se
668 2827 821 2906 dignitatis
842 2847 947 2884 causa:
977 2827 1027 2885 ubi
1055 2828 1132 2884 sulta
1152 2825 1340 2902 improbare,
1363 2846 1439 2904 quae
1459 2840 1528 2902 post
1541 2828 1707 2886 discessum
1729 2819 1734 2830 ’

374 2913 422 2960 est
440 2914 538 2960 autem
559 2903 705 2981 dignitas,
727 2902 1026 2965 nisiubihonestasi'
1055 2901 1246 2959 tribunorum
1272 2903 1351 2959 facta
1378 2912 1457 2958 sant.
1494 2902 1539 2959 lb.
1568 2903 1635 2960 Lib.
1659 2912 1705 2972 11,
1766 2954 1770 2963 ,

373 2979 420 3036 ΙΙ).
442 2976 499 3056 Ep.
528 2984 580 3053 11,
613 2991 639 3038 1.
669 3012 703 3024 -
728 2980 837 3046 Ιειιιιιι,
860 2982 944 3037 cuius
964 3000 1027 3051 ‹pa-
1057 2987 1091 3045 7,
1122 2988 1149 3036 1.
1173 2975 1340 3034 -Balbus
1373 2980 1474 3033 minor
1504 2977 1602 3035 aiebat
1633 2979 1708 3035 nihil

373 3051 529 3132 λαριομὸν
551 3056 655 3119 times,
687 3059 786 3111 oninia
810 3057 961 3111 teterrime
981 3055 1026 3108 fa·
1056 3054 1142 3110 malle
1163 3051 1338 3116 Caesarem,
1367 3071 1456 3129 quam
1482 3064 1514 3108 ut
1533 3054 1707 3129 Pompeium

375 3141 493 3187 enarum
513 3140 595 3204 puto.
629 3129 673 3186 ΙΙ).
695 3130 752 3205 Ep.
776 3140 828 3198 12,
852 3138 878 3188 2.
904 3128 1027 3186 -Bel-
1057 3139 1268 3206 assequeretur
1294 3127 1342 3197 (id
1364 3127 1474 3200 credo)
1495 3138 1524 3183 et
1543 3127 1654 3185 rediret
1674 3133 1707 3186 ia

374 3205 437 3262 lum
456 3206 513 3262 hoc
532 3206 573 3261 ita
594 3205 682 3262 civile
703 3216 762 3270 est,
793 3216 904 3262 utnon
926 3223 962 3260 ex
983 3207 1028 3260 ci·
1056 3207 1200 3275 guatinum
1231 3204 1261 3260 id
1283 3223 1342 3260 non
1363 3203 1470 3271 eredo;
1502 3213 1531 3259 et
1550 3215 1649 3260 metuo
1669 3223 1707 3261 ne

375 3283 456 3338 vium
470 3279 675 3350 dissensione,
694 3282 745 3339 sed
763 3300 801 3336 ex
815 3284 902 3337 unius
917 3282 1027 3355 perditi
1056 3282 1153 3336 omnis
1184 3280 1257 3335 baec
1285 3280 1440 3337 clementia
1460 3278 1498 3335 ad
1518 3297 1605 3335 unam
1628 3281 1708 3340 illam

374 3357 450 3413 civis
486 3357 610 3413 audacia
646 3366 749 3412 natum
778 3359 826 3413 sit.
868 3356 898 3412 Is
929 3367 1026 3412 autem
1056 3356 1145 3425 (loct.
1178 3355 1344 3413 Cinnanam
1372 3356 1470 3422 illam)
1500 3355 1707 3414 crudelitatem

373 3431 453 3489 valet
482 3434 633 3497 exercitu:
673 3443 754 3488 tenet
783 3431 893 3488 multos
920 3449 972 3507 spe
999 3440 1028 3486 et
1056 3430 1224 3502 colligatur.
1252 3430 1289 3486 ad
1308 3433 1369 3488 Att.
1391 3435 1419 3497 8,
1441 3433 1470 3494 9,
1492 3432 1519 3488 Ι.
1540 3461 1576 3473 -
1597 3430 1707 3489 Balbus

373 3509 548 3583 promissis:
579 3509 677 3564 omnia
698 3509 831 3564 omnium
852 3509 1027 3582 concupivit
1056 3508 1150 3563 maior
1180 3505 1217 3561 ad
1237 3525 1283 3561 me
1304 3505 1411 3562 scribit
1429 3506 1502 3561 nihil
1524 3506 1609 3562 malle
1631 3507 1708 3564 Cae-

373 3593 432 3640 cet.
469 3581 514 3640 Ib.
543 3583 599 3658 Ep.
630 3591 676 3645 15.
699 3602 726 3639 a.
749 3592 832 3640 1.·-
855 3582 891 3639 L.
914 3583 1026 3640 Caesar
1055 3602 1152 3638 sarem
1182 3599 1271 3657 qnam
1300 3585 1437 3659 principe
1467 3580 1610 3656 Ponrpeio
1641 3586 1707 3640 sine

372 3656 451 3714 filius
490 3659 629 3717 Caesaris
668 3659 808 3715 mandata
847 3657 953 3714 detulit
989 3658 1024 3712 ad
1055 3669 1133 3713 metu
1162 3659 1274 3713 vivere.
1315 3655 1362 3712 Τιι
1391 3666 1464 3731 puto
1491 3657 1563 3713 baec
1593 3658 1704 3716 credis.

373 3732 546 3808 Pompeium
562 3754 588 3790 a.
603 3733 631 3790 d.
645 3735 727 3791 VIII.
742 3735 807 3791 Kal.
821 3733 908 3790 Febr.
923 3733 1024 3806 (708),
1054 3731 1131 3790 Iliid.
1151 3761 1181 3772 -
1198 3730 1263 3787 Hoc
1277 3731 1366 3805 τέρας
1380 3729 1518 3787 horribili
1538 3732 1704 3807 vigilantia,

374 3826 440 3863 cuni
470 3812 494 3866 is
525 3820 603 3867 esset
629 3830 696 3867 cum
724 3808 897 3866 consulibus
918 3809 1023 3865 Teani.
1054 3806 1458 3881 celeritate,diligentiaest.
1479 3805 1708 3879 ibid-Com·

373 3881 505 3940 Probata
526 3886 664 3943 condicio
686 3897 748 3953 est,
770 3886 821 3941 sed
844 3888 902 3951 ita,
923 3893 956 3939 ut
976 3884 1025 3939 ille
1055 3892 1180 3956 paratur
1200 3882 1313 3937 Caesar
1332 3891 1361 3935 et
1375 3881 1551 3955 Pompeius:
1573 3881 1707 3940 domina-

374 3958 412 4013 dc
433 3953 469 4014 iis
490 3960 625 4035 oppidis,
648 3979 723 4037 quae
743 3970 828 4017 extra
849 3978 933 4015 suam
953 3978 1025 4033 pro·
1053 3961 1097 4014 tio
1118 3958 1251 4034 quaesita
1280 3953 1319 4012 ab
1345 3969 1473 4033 utroque
1494 3966 1555 4019 est:
1586 3975 1646 4013 non
1676 3958 1707 4015 id

373 4035 507 4089 riaciani
535 4041 760 4112 occupavisset,
792 4034 943 4111 praesidia
973 4036 1025 4090 de·
1054 4043 1170 4097 actum,
1191 4029 1277 4088 beata
1299 4040 1328 4086 et
1347 4032 1472 4089 honesta
1492 4033 1597 4088 civitas
1612 4044 1643 4088 ιιι
1658 4052 1707 4089 es·

376 4108 510 4164 duceret.
539 4109 761 4179 Idsilecisset,
784 4129 963 4186 responsum
981 4121 1026 4166 est
1055 4117 1111 4165 set.
1150 4106 1195 4163 lb.
1217 4106 1272 4183 Bp.
1303 4117 1354 4173 11,
1383 4116 1410 4164 2.
1435 4137 1467 4147 -
1490 4106 1628 4164 Caesaris
1657 4109 1706 4166 hie

376 4182 415 4238 ad
436 4182 540 4240 urbem
570 4205 625 4243 nos
651 4186 802 4244 redituros
828 4205 893 4243 esse
914 4195 944 4243 et
962 4206 1024 4243 rem
1055 4204 1109 4260 per
1135 4182 1275 4256 Apuliam
1305 4183 1342 4239 ad
1371 4182 1566 4240 Brundisium
1598 4202 1705 4240 cursus

375 4271 588 4335 personatum
609 4263 810 4319 conlecturos.
840 4262 881 4320 ΙΙ).
902 4262 957 4338 Ep.
980 4265 1023 4329 1-1,
1055 4259 1125 4337 quid
1145 4257 1272 4323 efficiat,
1304 4269 1455 4333 exspecto.
1496 4258 1618 4318 Utinam
1650 4260 1706 4315 ali·
1778 4310 1784 4320 ,

377 4342 405 4391 1.
422 4334 583 4391 -Omues
605 4336 767 4412 cupiebant
787 4338 945 4394 Caesarem
972 4336 1023 4394 ab·
1054 4336 1124 4412 quid
1145 4335 1239 4390 simile
1259 4333 1408 4391 Parthicis
1427 4332 1532 4391 rebus!
1560 4333 1604 4390 ΙΙ).
1628 4346 1652 4397 ι.
1676 4343 1703 4394 7.

376 4410 473 4466 ductis
501 4411 662 4485 praesidiis
691 4423 771 4469 stare
797 4413 1025 4470 condicionibus
1057 4442 1087 4451 -
1110 4410 1260 4476 Videsne,
1288 4411 1319 4465 iu
1346 4429 1432 4486 quem
1459 4411 1607 4466 hominem
1628 4412 1705 4465 inci-

376 4485 430 4550 iis,
452 4504 526 4561 quas
546 4488 674 4544 tulisset.
697 4500 753 4544 cet.
783 4487 827 4543 ΙΙ).
849 4489 905 4564 Ep.
933 4494 977 4556 15,
1000 4497 1025 4544 2.
1055 4487 1133 4542 derit
1146 4504 1195 4542 res
1210 4483 1349 4560 publica?
1364 4505 1452 4561 quam
1465 4496 1705 4560 acutum,qnam

379 4589 409 4600 -
432 4560 546 4618 Caesar
572 4564 642 4619 mibi
672 4565 801 4637 ignoscit
819 4581 874 4639 per
892 4565 1025 4629 litteras,
1056 4562 1244 4635 vigilantem,
1260 4578 1347 4635 quam
1362 4560 1520 4634 paratum?
1542 4559 1574 4616 Si
1589 4561 1707 4614 meher-

376 4637 454 4711 quud
483 4656 545 4693 uon
572 4641 706 4695 venerim
732 4639 872 4707 Romam,
902 4658 1026 4716 seseque
1056 4638 1122 4694 cule
1149 4638 1297 4691 neminem
1326 4636 1472 4691 occiderit
1492 4653 1547 4691 nec
1567 4639 1706 4711 cuiquam
1805 4662 1809 4674 .

375 4713 408 4767 io
428 4729 446 4767 ο
469 4714 569 4770 timam
590 4723 706 4789 partem
734 4713 764 4770 id
784 4718 922 4791 accipere
941 4715 1025 4772 dicit.
1056 4713 1217 4790 quidquam
1237 4709 1398 4776 ademerit,
1427 4707 1464 4766 ab
1484 4713 1540 4778 iis,
1569 4712 1725 4786 quicum.

376 4784 414 4842 ad
464 4796 499 4844 tt.
523 4798 567 4856 10,
590 4798 617 4856 5,
639 4797 668 4847 2.
693 4820 723 4829 -
747 4788 859 4845 Caesar
880 4789 965 4846 ardet
985 4791 1027 4846 lu·
1057 4789 1184 4843 maxime
1204 4788 1383 4850 timuerant,
1405 4787 1533 4842 maxime
1553 4785 1705 4858 diligetur.

377 4881 450 4919 rore
470 4872 500 4919 et
518 4863 650 4931 scelere,
683 4884 738 4921 nec
759 4867 884 4920 remittit
903 4865 1025 4940 aliquid,
1058 4863 1101 4919 ΙΙ).
1126 4862 1182 4938 Ep.
1204 4865 1250 4928 13,
1275 4869 1301 4918 1.
1323 4892 1357 4908 ·-
1379 4862 1503 4918 Factum
1517 4860 1742 4919 Caesarisdd.

377 4938 430 4993 sed
458 4941 488 4993 in
515 4940 576 4994 dies
602 4941 801 5017 ingravescit:
830 4942 918 4996 modo
943 4940 1026 4997 Italia
1058 4937 1192 4996 Corfinio
1221 4945 1317 4992 totum
1349 4946 1378 4992 te
1410 4936 1606 5014 probaturum
1632 4939 1706 4993 scio.

377 5013 509 5088 expulit;
535 5034 614 5071 nuuc
634 5017 692 5072 alia
714 5026 855 5090 exparte
875 5015 1027 5092 persequi,
1059 5014 1168 5070 Balbus
1190 5012 1226 5069 ad
1240 5012 1434 5069 Ciceronem:
1457 5014 1486 5068 in
1501 5013 1577 5088 Epp.
1594 5013 1630 5069 ad
1644 5014 1707 5069 An.

352 5107 415 5147 ,ex
436 5088 509 5156 alia,
531 5095 687 5166 provincia
701 5091 869 5166 exspoliare
884 5101 1027 5158 conatur:
1058 5096 1085 5156 8,
1108 5094 1153 5147 15.
1176 5090 1213 5144 A.
1236 5094 1263 5143 2.
1288 5088 1410 5159 -Quo
1436 5088 1524 5145 modo
1555 5106 1635 5146 nunc
1656 5104 1709 5158 oc-

377 5183 434 5220 nec
455 5166 512 5220 iam
536 5179 672 5236 recusat,
706 5168 758 5224 sed
787 5168 913 5244 quodam
940 5166 1028 5224 modo
1059 5174 1186 5221 currunt
1206 5165 1386 5238 optimates?
1415 5183 1473 5241 quo
1501 5165 1589 5220 modo
1610 5174 1707 5220 autem

377 5238 527 5315 postulat,
554 5251 600 5312 ut,
629 5242 877 5320 quemadmodum
896 5255 958 5315 est,
986 5243 1030 5301 sic
1058 5260 1090 5298 se
1111 5238 1425 5299 venditantCaesaril
1452 5239 1616 5315 Municipia
1634 5255 1709 5304 vero

465 5345 591 5394 onomat.
612 5349 665 5397 cte.
684 5348 718 5396 n.
1331 5325 1372 5389 2⁰
