4367 6084
910 649 1036 716 246
1124 648 1455 715 1²2³.ssan
1498 645 1848 712 Luscus
1885 632 1962 687 -’-
1995 645 2081 725 Q.
2115 645 2449 710 FABms
2494 644 2731 707 MAX.
2772 638 3382 708 CUNCTATOR.

915 798 973 858 1,
1006 797 1098 855 10,
1134 795 1225 852 55.
1265 819 1326 830 —-
1362 789 1436 861 Q.
1481 785 1702 844 Fabius
1743 783 1946 842 Labeo
1982 796 2040 841 et
2076 786 2226 841 iuris
2290 784 2610 840 Maximum
2674 782 3082 840 Servilianum
3144 801 3269 837 cos.
3324 801 3379 836 a.
3432 801 3493 836 ιι.
3542 802 3597 838 c.

913 878 974 923 et
1019 867 1353 923 litterarum
1398 856 1473 919 et'
1505 865 1879 938 antiquitatis
1920 860 2073 918 bene
2120 876 2229 936 pe-

916 945 1091 1000 ritus.
1150 942 1322 997 Brut.
1375 948 1480 1005 21,
1530 943 1624 996 81.

987 1036 1034 1092 F
1040 1053 1212 1092 Aams
1242 1033 1505 1089 Luscus:
1554 1033 1731 1087 homo
1761 1043 1969 1087 acutus
1999 1042 2056 1086 et
2085 1049 2231 1104 per-

916 1112 1227 1168 modestus
1286 1126 1355 1162 ac
1414 1107 1607 1163 bonae
1653 1108 1844 1181 frugi,
1905 1125 2254 1182 peramans.

917 1199 1094 1242 antea
1124 1185 1456 1247 CiceroniS,
1500 1203 1555 1238 a.
1580 1202 1640 1238 u.
1673 1201 1726 1238 c.
1756 1188 1887 1241 699.
1933 1181 2007 1237 ab
2051 1200 2122 1236 eo
2164 1200 2229 1237 se

918 1263 1248 1335 removisse
1287 1257 1621 1314 videbatur.
1666 1258 1739 1313 ad
1764 1259 1887 1313 Att.
1917 1259 1974 1322 4,
2005 1261 2038 1314 8
2058 1255 2142 1323 b..
2175 1261 2229 1315 5.

989 1353 1057 1413 C.
1111 1354 1336 1410 Faunis
1392 1352 1661 1418 Pteron,
1728 1370 1874 1407 avus
1930 1351 2225 1408 historici.

912 1431 1010 1488 An
1041 1446 1376 1492 censemus,
1409 1431 1460 1484 si
1489 1427 1678 1483 Fabio
1708 1425 2090 1482 nobilissimo
2120 1427 2232 1482 ho-
2265 1462 2392 1525 μῆρα
2448 1481 2479 1518 a
2528 1464 2803 1536 Gurgite·
2877 1461 3027 1516 Em·
3111 1460 3371 1518 corradi
3426 1481 3609 1520 error

912 1505 1063 1561 mini
1089 1504 1250 1562 laudi
1280 1502 1481 1559 datum
1512 1512 1691 1569 esset,
1739 1502 1900 1578 quod
1929 1503 2227 1576 pingeret,

913 1599 1042 1637 non
1099 1580 1318 1635 inultos
1382 1580 1562 1634 etiam
1616 1579 1772 1651 apud
1830 1595 1939 1632 nos
1992 1577 2232 1632 futuros

914 1655 1264 1730 Polycletos
1294 1665 1351 1709 et
1379 1654 1739 1710 Parrhasios
1781 1653 2010 1709 fuisse?
2051 1653 2233 1708 'l'nsc.

917 1743 975 1799 1,
1004 1741 1062 1798 2,
1092 1733 1148 1787 4.
1178 1759 1239 1769 -
1261 1730 1320 1785 Is
1349 1732 1507 1785 inter
1534 1728 1757 1784 Fabios
1785 1728 2016 1802 primns
2047 1729 2233 1780 Picto-

917 1813 1003 1860 ris
1040 1820 1382 1880 cognomen
1422 1805 1579 1860 tulit.
1640 1804 1846 1859 Pinxit
1882 1804 2085 1858 aedem
2118 1803 2233 1859 Sa-

915 1883 1060 1939 lutis
1104 1901 1156 1936 a.
1203 1900 1262 1936 u.
1313 1899 1366 1935 c.
1412 1883 1544 1940 450.
1601 1879 1758 1935 Plin.
1803 1879 1875 1935 11.
1917 1879 1991 1934 N.
2037 1884 2130 1944 55,
2177 1887 2231 1938 7.

992 1975 1069 2032 N.
1085 1974 1457 2050 (Numerius)
1475 1973 1698 2028 Faetus
1717 1973 1968 2029 Pica-oa:
1995 1975 2235 2027 Aeneae

921 2053 1223 2108 somnium
1266 2050 1538 2104 narravit
1577 2051 1640 2104 in
1674 2049 1926 2105 Graecis
1961 2050 2084 2104 suis
2126 2067 2237 2102 an-

918 2125 1182 2184 nalibus.
1254 2125 1325 2180 de
1355 2125 1558 2180 Divin.
1607 2134 1661 2187 1,
1697 2133 1789 2188 21,
1820 2126 1914 2183 45.
1958 2154 2029 2166 --
2073 2123 2237 2179 Con-

922 2203 1110 2258 sulem
1138 2201 1316 2257 Num.
1350 2198 1603 2255 Fabium
1648 2199 1952 2255 Pictorem
1993 2217 2126 2254 eum
2157 2197 2232 2252 D.

920 2277 1100 2333 Iunio
1144 2276 1296 2332 Pera
1348 2295 1402 2329 a.
1442 2293 1500 2329 u.
1541 2292 1597 2329 c.
1641 2278 1773 2334 487.

923 2351 1209 2408 exhibent
1229 2351 1392 2406 Fasti
1425 2349 1772 2424 Capitolini,
1812 2348 1887 2404 ad
1917 2368 2093 2425 quem
2126 2367 2238 2404 an-

921 2446 1065 2483 num
1108 2445 1168 2483 v.
1219 2426 1516 2500 Pighium.
1594 2424 1771 2493 Adde
1830 2424 2112 2480 Vossiuin
2165 2425 2238 2479 de

922 2502 1083 2559 Hist.
1130 2501 1264 2557 Lat.
1313 2513 1336 2560 1
1364 2544 1378 2568 ‚
1419 2505 1510 2565 5.,
1551 2500 1653 2574 qui
1699 2497 1889 2556 lilium
1929 2501 2093 2566 eius,
2139 2502 2237 2575 qni

926 2588 1213 2655 quaestor
1255 2576 1659 2651 provincialis
1696 2576 1808 2631 fuit
1847 2595 1901 2630 a.
1936 2595 1991 2630 ιι.
2023 2593 2074 2630 c.
2105 2580 2237 2634 510.
2266 2599 2269 2626 ι

924 2653 1153 2709 mavolt
1205 2652 1457 2723 intelligi
1502 2651 1661 2706 aiud
1703 2651 2094 2715 Ciceronem,
2137 2649 2240 2704 sed

927 2732 1058 2785 sine
1100 2737 1474 2801 argumento.
1586 2747 1678 2781 as.
1761 2726 1949 2794 (Cum
1993 2727 2241 2789 Vossio,

927 2804 1096 2860 nullo
1150 2814 1349 2858 tamen
1406 2819 1565 2857 novo
1623 2813 1980 2874 argumento
2035 2802 2236 2866 allato,
2280 2812 2289 2815 “

927 2881 1072 2937 facit
1117 2879 1349 2934 Krause
1390 2878 1548 2933 Hist.
1601 2876 1774 2932 Rom.
1833 2897 1894 2952 p.
1940 2882 2077 2951 83.)
2155 2877 2243 2932 De

929 2956 1321 3031 praenomine
1359 2955 1529 3006 Num.
1573 2953 1633 3008 in
1678 2952 1944 3008 denariis
1982 2953 2245 3027 antiquis

929 3050 991 3086 v.
1040 3030 1367 3105 Spanhem.
1424 3029 1495 3083 «le
1540 3027 1612 3084 U.
1670 3039 1727 3083 et
1785 3029 1888 3083 Pr.
1938 3028 2015 3082 N.
2068 3028 2140 3082 T.
2190 3035 2243 3082 2.

931 3126 991 3182 p.
1026 3113 1117 3164 26.
1142 3147 1157 3169 ‚
1205 3123 1379 3179 quem
1408 3104 1723 3160 Ciceronis
1766 3103 1936 3159 locus
1966 3101 2246 3177 fugiebat.

931 3180 1104 3238 Adde
1147 3180 1451 3235 Dukerum
1508 3180 1579 3234 ad
1612 3179 1751 3245 μιν.
1802 3185 1898 3243 57,
1943 3181 2036 3235 47.
2095 3177 2246 3232 bene

933 3257 1339 3330 disputantem
1384 3254 1675 3309 adversus
1718 3253 2145 3328 spanhemium
2177 3253 2247 3308 de

935 3331 1073 3388 loco
1115 3328 1396 3386 LivianO.
1479 3329 1630 3385 Eas.

1017 3423 1152 3480 Ser.
1198 3424 1419 3478 hams
1461 3423 1685 3478 Pteron
1729 3433 1787 3478 et
1819 3421 1968 3478 iuris
2004 3431 2059 3477 et
2091 3421 2250 3478 litte-

936 3518 1149 3555 rarum
1218 3510 1275 3554 et
1340 3499 1712 3573 antiquitatis
1778 3497 1928 3565 bene
1994 3500 2245 3572 peritus.

938 3575 1114 3632 Brut.
1148 3581 1239 3638 21,
1273 3580 1366 3630 81.
1425 3574 1684 3629 Praetor
1710 3574 1822 3628 fuit
1848 3594 1901 3628 a.
1936 3593 1994 3628 u.
2029 3593 2082 3630 c.
2116 3580 2246 3631 608.

948 3678 1009 3689 —-
1044 3648 1243 3705 Ceteri
1269 3648 1409 3715 loci,
1449 3650 1507 3703 in
1541 3648 1753 3723 quibus
1771 3647 2116 3714 Fabiorum,
2150 3650 2251 3723 qni

941 3725 1225 3780 historias
1268 3725 1653 3798 scripserint,
1693 3726 2051 3780 mentionem
2089 3724 2249 3788 facit,

945 3817 1079 3854 cum
1120 3810 1367 3854 careant
1407 3799 1939 3873 praenominibus,
2002 3800 2107 3854 vix
2147 3818 2253 3854 ex-

942 3873 1142 3950 putari
1185 3883 1403 3948 potest,
1449 3885 1669 3939 utrum,
1715 3884 1780 3929 ut
1818 3875 1992 3946 volgo
2022 3874 2109 3939 lit,
2156 3893 2253 3929 re-

946 3950 1216 4025 ferantur
1257 3949 1330 4003 ad
1373 3948 1449 4019 Q.
1481 3947 1728 4004 Fabium
1772 3950 2094 4012 Pictorem,
2141 3955 2253 4041 'pro
2289 3964 2290 3967 ’

947 4035 1263 4099 quaestore
1320 4044 1375 4079 a.
1421 4043 1481 4078 u.
1528 4042 1580 4080 c.
1633 4029 1806 4092 535.,
1869 4044 1944 4080 an
1998 4025 2071 4079 ad
2115 4025 2251 4081 Ser.

946 4099 1199 4158 Fabium
1230 4099 1553 4154 Pictorem.
1616 4099 1770 4155 Sunt
1810 4110 2005 4156 autem
2047 4101 2138 4156 hi:
2184 4101 2253 4155 ‹le

951 4176 1123 4233 Orat.
1156 4183 1211 4241 2,
1244 4183 1333 4239 12,
1362 4179 1454 4232 51.
1514 4175 1584 4230 (le
1615 4176 1796 4251 Legg.
1841 4185 1893 4240 1,
1931 4186 1987 4242 2,
2025 4180 2109 4239 6.,
2154 4175 2253 4231 nbi

952 4252 1191 4304 exilibus
1229 4249 1634 4323 scriptoribus
1674 4252 2135 4318 adnumeratum
2188 4252 2253 4306 ile

952 4328 1159 4384 Divin.
1207 4333 1235 4382 1
1262 4369 1275 4392 ,
1321 4330 1425 4390 26,
1474 4331 1566 4383 55.
1650 4327 1805 4382 Tres
1845 4329 1952 4382 hos
1996 4328 2159 4382 locos
2203 4339 2253 4382 et

953 4403 1251 4461 Varronis
1281 4401 1519 4472 Fragm.
1566 4420 1620 4472 p.
1651 4408 1781 4460 339.
1839 4403 1968 4477 Rip.
2024 4403 2096 4458 ad
2125 4406 2258 4455 Ser-

952 4486 1109 4534 vium
1149 4479 1335 4533 refert
1375 4477 1608 4532 Kranse
1647 4477 1800 4532 Hist.
1832 4478 2000 4534 Rom.
2066 4499 2103 4532 ι.
2136 4484 2262 4536 152.

958 4554 1034 4626 Q.
1081 4552 1332 4609 Fabium
1372 4552 1675 4608 Pictorem
1719 4555 1987 4609 Graecos
2030 4498 2262 4609 dumta-

958 4640 1064 4686 xat
1119 4627 1387 4684 Annales
1466 4630 1785 4702 scripsisse
1865 4631 2258 4686 contendens.

959 4705 1382 4761 Lachmannus
1424 4715 1635 4759 contra
1683 4704 1754 4760 de
1794 4704 2062 4761 fontibus
2104 4705 2262 4762 llist.

963 4781 1037 4836 T.
1082 4780 1237 4836 Livii
1278 4786 1334 4834 2.
1381 4797 1439 4853 p.
1487 4785 1578 4837 15.
1626 4790 1904 4855 quattuor
1943 4780 2161 4836 Fabios
2204 4794 2301 4836 se*

963 4854 1335 4929 distinguere
1376 4857 1478 4920 ait,
1528 4875 1783 4930 quorum
1823 4860 2130 4930 supersint
2168 4875 2266 4912 re·-

964 4928 1218 5003 liquiae3
1263 4948 1387 4986 rem
1429 4942 1627 4985 tamen
1668 4945 1859 4988 morte
1889 4944 2266 5004 praematura

965 5002 1248 5076 abreptus
1291 5008 1535 5081 exsequi
1575 5025 1696 5075 non
1730 5017 1940 5079 potuit.
2001 5004 2122 5063 Sed
2147 5050 2161 5073 ,
2208 5020 2270 5064 ut.

969 5078 1225 5144 videtur,
1251 5080 1533 5155 reliquias
1562 5100 1662 5136 eas
1691 5080 2118 5138 distributurus
2142 5098 2270 5140 erat,

974 5154 1134 5209 inter
1166 5152 1242 5224 Q.
1272 5153 1522 5210 Fabium
1550 5157 1874 5225 Pictorem,
1917 5157 2270 5216 Numeriuin

972 5227 1224 5288 Fabium
1259 5228 1562 5287 Pictorem
1600 5244 1868 5310 patrem,
1913 5232 1990 5311 Q.
2021 5233 2272 5294 Fabium

1815 2272 1982 2347 (483.
2025 2272 2265 2346 Van-r.).3

2279 3005 2282 3019 ¹.
2311 2951 2465 3008 llulli
2487 2993 2501 3017 ,

2286 868 2448 925 512..
2494 869 2552 914 et
2592 858 2724 915 Ser.
2758 857 3009 914 Fabium
3039 858 3363 914 Pictorem.
3437 858 3605 913 ldem

2290 934 2694 992 arbitrabatur
2749 935 2825 1007 Q.
2883 932 3130 989 Fabium
3181 934 3491 989 Pictorem
3544 946 3607 988 et

2290 1016 2555 1066 {iraecos
2612 1021 2669 1065 et
2722 1008 2972 1065 Latinos
3026 1009 3294 1064 Annales
3349 1028 3608 1083 compo-

2290 1090 2497 1142 fluisse.
2579 1087 2781 1156 (Part.
2825 1084 2889 1139 1„
2923 1104 2981 1159 p.
3025 1084 3148 1157 26.)
3203 1112 3272 1124 -
3326 1084 3415 1139 De
3460 1085 3601 1140 Ser.

2290 1161 2476 1217 Fabio
2503 1161 2746 1217 Pictore
2789 1159 2922 1215 vide
2951 1159 3230 1236 Vossium
3270 1158 3429 1215 Hist.
3459 1161 3599 1216 Lat.

2299 1252 2343 1302 1,
2390 1241 2479 1301 5.,
2526 1239 2626 1311 qui
2666 1235 2886 1292 refellit
2927 1235 3296 1301 Cori-adum,
3342 1238 3445 1312 qui
3537 1256 3608 1291 ro

2294 1319 2492 1364 servio
2511 1309 2772 1367 malebat
2791 1313 3165 1364 Seruilianus.
3208 1310 3398 1366 Bene.
3447 1255 3607 1368 hiim·

2290 1388 2668 1444 Servilianns
2709 1405 2898 1457 genus
2929 1386 3097 1443 duxit
3125 1405 3244 1442 uon
3275 1406 3307 1441 a
3332 1387 3603 1453 Pictore,

2290 1559 2364 1593 rx
2393 1538 2853 1612 praenominum
2885 1539 3226 1685 ignossntia
3255 1549 3428 1595 ortus
3459 1551 3611 1594 erat.

2367 1632 2443 1704 Q.
2472 1632 2697 1688 Faetus
2728 1631 2962 1687 Sanos.
3054 1632 3139 1707 'fi‘
3185 1631 3356 1686 cuius
3395 1641 3613 1706 patro-

2294 1710 2452 1764 rinio
2488 1705 2919 1778 ,Allobrogum
2992 1707 3205 1761 civitas
3280 1707 3610 1781 plurimum

2299 1784 2604 1850 utebatur,
2668 1783 2882 1837 horum
2940 1781 3119 1854 legati
3178 1800 3304 1837 rem
3368 1802 3612 1839 omnem

2294 1861 2596 1934 aperiunt.
2680 1858 2897 1915 Cicero
2940 1876 3049 1930 per
3090 1856 3357 1930 Sangam
3398 1861 3612 1914 consi-

2299 1940 2436 1992 lium
2505 1934 2748 1990 Lentuli
2815 1931 3008 1988 Surae
3074 1938 3384 2007 cognovit.
3487 1933 3613 1990 Sal.

2299 2010 2471 2066 t'latil.
2514 2011 2609 2067 41.
2674 2038 2735 2049 -
2795 2008 2868 2078 Q.
2909 2005 3111 2081 Sanga
3155 2027 3269 2081 pro
3312 2008 3613 2065 Cicerone

2303 2088 2364 2142 l..
2404 2087 2686 2141 Pisonem
2744 2083 3051 2139 consulem
3092 2083 3452 2158 deprecatus
3494 2094 3608 2140 est.

2299 2168 2357 2218 in
2400 2161 2607 2217 Pison.
2648 2164 2744 2226 51,
2793 2166 2884 2218 77.

2373 2255 2449 2327 Q.
2470 2254 2694 2310 Faunus
2725 2236 3167 2318 vaticinantes,
3192 2251 3423 2326 legatus
3450 2254 3612 2329 App.

2299 2329 2534 2391 Claudii
2558 2329 2822 2385 Pulchri.
2866 2329 2945 2404 (a.
2973 2347 3029 2383 u.
3054 2349 3101 2385 c.
3131 2333 3292 2395 705.)
3347 2332 3421 2385 ad
3444 2329 3611 2386 Fam.

2303 2416 2331 2464 ’ἱ
2354 2449 2368 2473 ,
2416 2410 2448 2462 5
2471 2448 2485 2473 ,
2537 2416 2585 2462 1.
2669 2403 2820 2460 Ibid.
2866 2407 2938 2471 4,
2990 2415 3039 2462 1.
3078 2434 3152 2446 -
3207 2404 3613 2478 Pompeianus

2303 2456 2354 2537 ιι.
2404 2500 2461 2535 ιι.
2510 2500 2563 2535 c.
2610 2487 2739 2540 705.
2821 2479 2895 2535 ad
2936 2481 3062 2535 Att.
3110 2487 3167 2547 8,
3214 2489 3306 2538 11.
3354 2487 3430 2537 A.

2376 2574 2452 2646 Q.
2485 2573 2708 2629 Faunus
2743 2573 3044 2630 Maximus
3076 2573 3429 2630 Romaanus
3450 2615 3463 2640 ,
3511 2576 3619 2649 qui

2307 2657 2559 2724 primum
2590 2651 2967 2704 consulatum
2995 2651 3181 2724 gessit
3211 2669 3267 2704 a.
3292 2669 3353 2705 u.
3381 2668 3435 2705 c.
3460 2653 3616 2714 452„

2307 2728 2577 2800 quintum
2602 2743 2735 2780 cum
2759 2725 2825 2780 P.
2848 2714 3033 2781 Decio
3056 2722 3184 2780 lilio
3212 2743 3267 2780 a.
3296 2745 3352 2780 u.
3380 2744 3435 2779 c.
3463 2728 3620 2790 1159„

2307 2820 2451 2857 avus
2493 2798 2885 2867 cunctatoris,
2931 2797 3307 2876 significatur
3348 2799 3613 2876 Philipp.

2307 2884 2370 2939 5.
2415 2882 2521 2940 17,
2567 2879 2692 2936 '18ae
2748 2877 2875 2946 „At
2926 2894 3073 2932 vero
3126 2875 3282 2949 apud
3335 2878 3617 2951 antiquos

2576 2952 2781 3017 Decii,
2851 2951 3104 3007 Corvini
3169 2952 3451 3025 multique
3515 2951 3619 3006 alii

2311 3027 2624 3082 admodum
2680 3027 3094 3082 adolescentes
3148 3027 3427 3083 consules
3474 3027 3620 3082 facti

2307 3103 2489 3168 κου’,
2538 3101 2637 3158 ubi
2680 3102 3021 3157 accuratius
3064 3101 3313 3157 dixisset
3351 3102 3617 3165 Rulliani,

2311 3191 2371 3234 nt
2413 3177 2745 3233 Beroaldus
2789 3177 2976 3234 codd.
3024 3179 3342 3234 nonnullos
3396 3176 3616 3233 habere

2311 3265 2583 3309 testatur.

2383 3348 2457 3420 Q.
2500 3355 2643 3412 (non
2673 3346 2768 3414 P.)
2805 3346 3031 3402 Faams
3059 3346 3351 3403 Maxuma
3381 3347 3621 3405 Varum-

2311 3443 2483 3479 [τοευε
2514 3423 2792 3480 ΟιίευιΑ
2823 3422 3208 3479 ΟυΝοτΑέοιι.
3264 3424 3404 3480 Cos.
3437 3425 3622 3501 quin-

2315 3516 2434 3553 tum
2480 3519 2535 3554 a.
2582 3518 2638 3553 u.
2678 3517 2732 3554 c.
2778 3501 2909 3556 5¹15.
2975 3498 3307 3554 Tarentum
3365 3504 3615 3574 recepit.

2319 3572 2457 3631 lErat
2500 3577 2558 3630 in
2604 3592 2673 3628 eo
2715 3577 2994 3629 comitate
3036 3576 3279 3630 condita
3322 3578 3614 3649 gravitas.

2319 3681 2379 3692 -
2423 3650 2585 3706 Bella
2616 3649 2861 3724 gerebat
2895 3661 2959 3705 ut
2986 3649 3336 3706 adolescens
3367 3663 3424 3707 et
3453 3650 3623 3706 Han-

2319 3725 2571 3781 nibalem
2616 3726 2959 3798 iuveniliter
2997 3726 3358 3782 exultantem
3390 3727 3624 3802 patien-

2315 3803 2393 3856 tia
2434 3820 2539 3857 sna
2583 3799 2917 3867 niolliebat;
2968 3831 3028 3840 —
3086 3821 3196 3856 nec
3240 3820 3381 3857 vero
3424 3806 3483 3857 in
3522 3820 3624 3856 ar-

2319 3879 2423 3931 mis
2487 3880 2891 3952 praestantior
2950 3896 3129 3951 quam
3194 3878 3252 3931 in
3314 3888 3487 3952 toga,
3552 3876 3621 3931 C.

2319 3953 2606 4008 Flaminio
2647 3962 2726 4008 tr.
2769 3952 2887 4026 pl.,
2932 3952 3127 4027 quoad
3167 3955 3361 4026 potnit
3403 3953 3625 4008 restitit

2315 4038 2430 4083 eet.
2491 4027 2639 4084 Cato
2669 4029 2723 4091 4,
2762 4039 2847 4085 10.
2880 4046 3045 4103 seqq.
3084 4056 3145 4067 -
3192 4028 3416 4083 Consul
3446 4030 3627 4105 quin-

2319 4116 2437 4160 tum
2493 4106 2721 4176 recepit
2771 4103 3102 4158 Tarentum
3155 4102 3229 4158 ab
3287 4101 3626 4159 Hannibale

2319 4190 2586 4253 captum:
2643 4181 2898 4235 facetum
2956 4180 3028 4232 de
3081 4180 3191 4234 hac
3246 4198 3312 4234 re
3366 4179 3494 4235 eius
3535 4178 3626 4232 di-

2319 4266 2476 4310 etum
2519 4257 2579 4308 in
2625 4254 2702 4309 M.
2748 4255 2982 4310 Livium
3026 4252 3449 4318 Salinatorem,
3495 4256 3624 4308 sive

2323 4332 2518 4400 potius
2562 4330 2881 4386 Macatum.
2942 4330 3013 4383 de
3045 4331 3148 4384 Or.
3180 4339 3234 4395 2,
3264 4336 3359 4396 67,
3390 4337 3521 4390 275.
3554 4359 3628 4371 —

2286 4453 2289 4474 ,
2323 4406 2606 4476 Quintum
2648 4405 2858 4461 consul
2900 4403 2983 4476 (a.
3018 4424 3075 4459 u.
3108 4425 3158 4460 c.
3187 4408 3351 4470 545.)
3392 4405 3628 4461 Livium

2324 4482 2733 4536 Andronicum
2756 4482 2914 4554 cepit
2933 4481 3204 4546 Tarenti,
3239 4483 3430 4537 Accio
3457 4490 3628 4536 teste.

2327 4557 2494 4612 Brut.
2530 4566 2618 4617 18.
2652 4563 2742 4610 72.
2794 4585 2854 4594 —-
2899 4554 3228 4611 Immanem
3255 4558 3428 4612 Accii
3455 4575 3631 4612 erro-

2327 4651 2451 4687 rem
2510 4633 2728 4688 refutat
2785 4630 3002 4686 ibidem
3056 4631 3291 4688 Cicero.
3382 4633 3633 4688 Romam

2331 4710 2529 4764 Livius
2558 4708 2767 4763 deduci
2798 4716 3034 4780 poterat
3066 4726 3117 4761 a.
3140 4726 3197 4762 u.
3226 4725 3281 4762 c.
3305 4711 3436 4768 432.
3455 4751 3469 4774 ,
3514 4727 3633 4784 quo

2331 4786 2583 4856 primum
2623 4792 2859 4857 captum
2915 4793 3004 4838 est
3046 4783 3398 4838 Tarentum.
3449 4813 3509 4822 —
3560 4782 3637 4854 Q.

2331 4859 2547 4916 Fabius
2584 4860 2878 4915 Maximus
2908 4857 3285 4914 Verrucosus
3326 4877 3453 4915 cos.
3500 4877 3639 4914 cum

2331 4936 2402 5007 Q.
2433 4936 2645 4991 Fulvio
2673 4935 2891 4990 Flacco
2918 4934 3020 4989 IV.
3060 4954 3115 4989 a.
3147 4953 3206 4989 u.
3240 4953 3291 4988 c.
3319 4938 3451 4993 525.
3522 4934 3632 4990 His

2331 5009 2678 5067 consulibus
2719 5010 2922 5083 Capua
2963 5009 3193 5065 devicta
3244 5020 3422 5085 atque
3464 5028 3530 5066 ca
3556 5019 3639 5064 ›ta

2331 5099 2439 5143 est.
2492 5087 2563 5142 de
2598 5088 2725 5157 lege
2763 5092 2989 5158 agn-2,
3028 5089 3121 5150 33,
3154 5090 3247 5144 90.
3298 5115 3362 5126 -
3408 5084 3485 5157 Q.
3569 5105 3638 5140 a-

2335 5162 2462 5218 bins
2492 5162 2788 5218 Maximus
2818 5160 3152 5217 Cunctator
3192 5159 3409 5217 bellum
3450 5162 3642 5217 Puni-

2329 5256 2463 5294 cum
2504 5237 2829 5297 secundnm
2868 5238 3200 5294 enervavit.
3269 5236 3341 5293 de
3381 5237 3531 5315 Rep.
3576 5245 3634 5304 1,
