4367 6084
886 673 1009 737 106
1096 669 1184 754 Q.
1220 667 1501 739 CAEC.
1536 670 1767 736 MET.
1816 669 2118 741 NEPOS
2163 698 2242 713 —
2292 669 2382 751 Q.
2417 666 2693 735 CAEC.
2729 669 2961 734 MET.
2996 667 3340 737 CELER.

881 814 1031 872 Erat
1075 831 1211 870 cum
1265 813 1516 887 imperio
1564 830 1617 867 a.
1668 829 1730 867 ιι.
1777 829 1832 868 c.
1889 811 2018 871 705.
2093 809 2184 868 lh.
2243 808 2604 880 (stemmatis
2650 817 2771 878 17.)
2826 812 3037 868 consul
3082 831 3216 869 cum
3257 814 3332 870 T.
3371 814 3550 874 Didio

878 901 950 958 8,
985 893 1085 956 15,
1117 894 1174 950 5.
1205 920 1281 933 -
1307 887 1468 960 Quid
1508 899 1572 943 tu
1607 885 1954 962 Scipionem
1977 928 1992 953 ,
2039 887 2184 974 quid
2242 905 2297 942 a.
2328 905 2387 943 u.
2415 906 2469 943 c.
2493 890 2658 951 656..
2719 899 3034 945 accusatus
3077 908 3110 945 a
3150 889 3220 946 C.
3261 890 3547 948 Curione.

878 966 1200 1028 Faustum,
1258 964 1400 1040 quid
1445 961 1742 1019 Libonem
1792 973 2182 1038 praetermis-

880 1058 1092 1100 surum
1133 1039 1381 1095 sceleris
1420 1039 1639 1114 putas?
1687 1057 1941 1114 quorum
1982 1038 2181 1095 credi·

880 1127 1045 1175 tores
1095 1116 1427 1172 convenire
1477 1113 1786 1173 dicuutur.
1868 1113 2029 1186 Quid
2076 1133 2179 1172 eos

879 1201 1114 1255 autem,
1187 1208 1323 1247 cum
1379 1190 1670 1258 vicerint,
1740 1192 1801 1247 in
1856 1191 2022 1246 cives
2091 1191 2181 1246 ef-

877 1263 1188 1324 fecturos?
1229 1264 1304 1321 ad
1342 1265 1469 1321 Att.
1513 1270 1583 1331 9.
1626 1273 1691 1323 11
1715 1309 1730 1332 ,
1764 1269 1822 1325 4.
1862 1293 1931 1307 —
1971 1263 2179 1340 Scipio

879 1342 974 1399 vel
1036 1344 1100 1398 iu
1147 1340 1390 1414 Syriam
1457 1337 1903 1414 proficiscitur,
1978 1355 2175 1408 sorte;

876 1418 975 1474 vel
1018 1436 1154 1474 cum
1200 1434 1460 1492 genero,
1529 1417 1812 1483 honeste,
1878 1416 1972 1473 vel
2027 1416 2178 1473 Cae-

877 1511 1077 1550 sarem
1122 1493 1274 1567 fugit
1323 1494 1562 1549 iratum.
1612 1491 1688 1548 ad
1725 1492 1853 1548 Ait.
1892 1499 1960 1558 9,
2003 1501 2070 1558 1,
2117 1497 2173 1550 [ι.

877 1599 952 1614 -
979 1569 1368 1626 Detrimentis
1407 1564 1763 1643 quibusdam
1800 1567 1963 1625 cirea
2007 1587 2180 1624 mon-

876 1656 996 1701 tem
1043 1647 1339 1701 Amanum
1399 1644 1662 1717 acceptis
1724 1659 1856 1698 sese
1916 1646 2180 1718 impera-

876 1732 1068 1778 torem
1121 1718 1546 1793 appellaverat.
1627 1717 1928 1776 Finitimis
1988 1719 2178 1775 hosti-

874 1793 989 1854 bus
1035 1795 1275 1852 Parthis
1332 1804 1470 1868 post
1519 1812 1584 1848 se
1632 1793 1866 1851 relictis
1913 1795 2176 1865 legiones

876 1872 1222 1947 equitesque
1290 1867 1471 1942 Syria
1544 1868 1878 1926 deduxerat
1950 1870 2177 1944 Perga-

876 1965 1039 2002 mum
1104 1946 1164 2001 in
1227 1941 1496 2001 hiberna.
1577 1943 1721 2000 Eius
1787 1945 2173 2022 largitiones,

877 2020 1151 2078 crudeles
1198 2022 1576 2083 exactioneS,
1634 2038 1869 2077 usurae.
1949 2022 2176 2077 Invita-

874 2107 973 2154 tus
1017 2116 1055 2153 a
1089 2096 1375 2170 Pompeio
1422 2097 1484 2151 in
1527 2095 1941 2153 Macedoniam
1990 2095 2177 2171 prosi-

874 2173 1146 2229 ciscitur.
1243 2170 1469 2228 Caesar
1539 2170 1671 2226 Civ.
1734 2176 1801 2238 5,
1864 2177 1932 2231 51
1978 2199 2038 2211 -—
2080 2179 2173 2232 55.

873 2247 1024 2305 Eius
1080 2265 1179 2302 res
1225 2256 1424 2321 gestae
1471 2246 1764 2303 adversus
1803 2246 1918 2304 Cn.
1960 2247 2174 2304 Domi-

871 2325 1025 2380 tium
1081 2320 1422 2380 Calvinum.
1505 2320 1656 2378 lbid.
1715 2326 1808 2382 56.
1877 2342 2045 2399 seqq.
2110 2354 2166 2365 —

873 2398 969 2455 Ad
1035 2416 1167 2455 eum
1232 2397 1458 2454 Caesar
1514 2400 1694 2453 mittit
1753 2400 1831 2454 A.
1900 2398 2175 2455 Clodium

873 2492 1010 2531 cum
1055 2473 1353 2529 mandatis
1413 2473 1486 2529 de
1544 2476 2008 2547 compositione:
2070 2473 2173 2530 sed

875 2553 926 2606 is
970 2549 1186 2606 infecta
1234 2567 1300 2604 re
1338 2567 1472 2604 sese
1519 2548 1590 2603 ad
1637 2549 1957 2607 Caesarem
2002 2567 2174 2606 rece·

870 2626 980 2700 pit.
1038 2622 1188 2680 Ihid.
1230 2629 1322 2683 57.
1360 2655 1434 2668 -
1475 2623 1812 2681 Coniuncto
1859 2645 1993 2681 cum
2037 2624 2175 2682 Sci-

871 2703 1050 2775 pione
1089 2702 1363 2756 exercitu
1401 2702 1464 2755 in
1506 2699 1814 2756 Thessalia
1854 2701 2174 2776 Pompeius

844 2794 1045 2833 ,suum
1082 2793 1218 2832 cum
1258 2773 1546 2849 Scipione
1584 2775 1874 2832 honorem
1917 2779 2175 2852 partitur

872 2851 1308 2925 classicumque
1357 2850 1514 2925 apud
1558 2870 1689 2907 euin
1737 2855 1874 2908 cani
1922 2864 1978 2908 et
2026 2853 2174 2908 alte-

803 2948 808 2954 ·
870 2946 1006 2984 rum
1045 2926 1128 2985 illi
1171 2924 1335 2982 iubet
1374 2929 1746 3000 praetorium
1783 2927 1965 2984 tendi.
2020 2926 2172 2983 lbid.

870 3011 965 3064 8⁹2.
1008 3027 1083 3042 —
1120 3000 1209 3058 De
1250 3001 1589 3058 sacerdotio
1631 3001 1909 3058 Caesaris
1964 3002 2173 3059 Domi-

869 3081 1014 3143 tius,
1041 3075 1248 3152 Scipio
1271 3076 1678 3153 Spintherque
1701 3077 1993 3135 Lentulus
2023 3096 2173 3155 quo-

870 3154 1116 3210 tidianis
1154 3150 1642 3209 contentionibus
1678 3153 1748 3208 ad
1783 3157 2173 3227 gravissimas

869 3228 1195 3287 verborum
1242 3228 1634 3285 contumelias
1683 3229 1872 3303 palam
1921 3229 2174 3286 descen-

870 3304 1110 3360 derunt.
1168 3301 1259 3360 Ib.
1309 3306 1402 3363 85.
1445 3332 1518 3347 -
1558 3303 1806 3378 Regium
1846 3307 2172 3380 equitatum

872 3378 1127 3455 (Iubae)
1177 3397 1253 3434 ex
1305 3380 1622 3453 provincia
1684 3380 1892 3436 Africa
1952 3379 2168 3436 alebat.

867 3454 1023 3512 Bell.
1065 3454 1260 3510 Afric.
1292 3462 1348 3514 8.
1398 3486 1460 3497 -
1505 3454 1657 3511 Cum
1695 3453 1914 3512 Petreii
1955 3469 2014 3512 et
2053 3455 2174 3512 La-

869 3529 1031 3586 bieni
1059 3531 1252 3604 copiis
1292 3548 1356 3585 se
1388 3532 1714 3605 coniungit.
1769 3529 1918 3587 Ibid.
1961 3537 2055 3590 2¹⁸.
2107 3561 2167 3571 -

869 3606 1056 3663 Varia
1110 3607 1238 3661 eius
1283 3623 1419 3660 cum
1460 3607 1717 3663 Caesare
1767 3606 2019 3681 proelia.
2077 3604 2167 3663 lb.

868 3684 964 3742 40,
1013 3710 1075 3721 —
1120 3680 1212 3736 Ex
1274 3680 1408 3736 aula
1463 3681 1644 3738 Iubae
1698 3685 1894 3756 regis,
1960 3681 2170 3755 sagulo

868 3775 950 3889 {3
955 3774 1184 3888 ''3122‘ss
1220 3773 1360 3887 ἓξὲξ
1396 3761 1699 3889 ῖὲἒῖῗωῗὲ
1722 3759 2168 3889 alf-,fifth

870 3913 963 3967 57.
1014 3937 1075 3948 —
1121 3906 1266 3963 Eius
1313 3910 1610 3998 equitatus
1665 3909 1932 3985 levisque
1974 3927 2172 3964 arma-

870 3994 1004 4039 tura
1043 3993 1175 4039 erat
1209 3985 1498 4052 miriltca,
1543 3988 1595 4039 si
1630 3985 1895 4058 legiones
1936 4002 2170 4060 quoque

869 4060 1294 4115 accessissent.
1374 4058 1461 4115 Ih.
1527 4067 1615 4118 72.
1662 4090 1722 4099 -
1767 4060 2055 4115 Devictus
2108 4061 2170 4115 in

868 4134 1102 4210 proelio
1171 4133 1243 4190 ad
1310 4133 1645 4209 Thapsam,
1708 4148 1911 4191 mense
1974 4136 2030 4191 A
2074 4136 2170 4190 rili

869 4231 926 4265 a.
970 4229 1026 4266 u.
1071 4229 1126 4265 c.
1162 4217 1289 4269 707.
1344 4209 1434 4266 Ib.
1468 4219 1560 4270 79.
1593 4229 1760 4286 seqq.
1794 4242 1866 4254 -—
1893 4209 1988 4266 Ad
2078 4212 2170 4284 ip-

868 4304 1087 4360 ponem
1125 4287 1358 4358 regium
1397 4289 1758 4360 opprimitur
1819 4306 1850 4342 a
1904 4286 1970 4342 P.
2013 4285 2169 4342 Sitio

869 4383 924 4418 a.
968 4381 1025 4417 ιι.
1070 4381 1124 4418 c.
1170 4368 1299 4420 707.
1382 4360 1534 4418 lhid.
1591 4367 1685 4420 96.
1732 4392 1803 4404 —
1847 4360 2052 4436 Scipio
2106 4364 2168 4418 in

867 4435 1026 4494 bello
1074 4437 1237 4495 cirili
1290 4438 1458 4494 foede
1509 4440 1706 4512 periit.
1784 4437 1857 4494 ad
1895 4437 2061 4493 Fam.
2106 4444 2165 4502 9,

869 4522 978 4579 ω’
1023 4520 1077 4569 2·
1119 4544 1190 4556 ““
1231 4513 1299 4569 Ρ·
1348 4513 1591 4588 smpm'
1650 4514 2019 4569 ⁰¹⁸¹⁸⁸⁸⁵¹¹¹¹u⁵
2074 4532 2171 4568 νη·
2203 4543 2497 4607 extitisse
2551 4553 2677 4605 eius
2725 4562 3003 4623 patruum
3059 4551 3252 4604 minus
3306 4561 3535 4614 notum,

866 4591 1280 4665 maiorumque
1323 4608 1570 4645 suorum
1610 4588 1964 4645 simillimum
2025 4589 2168 4644 Phi-

869 4667 1015 4740 lipp.
1061 4669 1167 4731 15,
1213 4668 1316 4729 1'4,
1360 4672 1453 4723 29.
1503 4694 1562 4704 -
1609 4664 1834 4721 Metelli
1877 4666 2048 4720 villa:
2095 4663 2166 4718 ad

867 4741 1031 4796 Fam.
1068 4748 1160 4806 12,
1191 4746 1247 4806 2,
1297 4751 1376 4805 1.,
1425 4744 1482 4796 in
1514 4760 1627 4816 qua
1656 4742 1959 4797 Antonius
2001 4758 2166 4796 com-

867 4816 1264 4880 mentabatur,
1310 4828 1401 4872 est
1441 4815 1660 4872 Metelli
1694 4816 2021 4891 Scipionis,
2066 4834 2168 4871 so-

868 4894 992 4946 ceri
1038 4893 1308 4967 Pompeii
1353 4891 1576 4967 Magni.
1636 4891 1883 4948 Mamur.
1943 4889 2165 4946 Eadem

867 4964 1132 5042 Philipp.
1176 4977 1233 5038 5,
1280 4977 1335 5032 7,
1382 4975 1475 5027 19.
1520 4968 1742 5025 dicitur
1783 4965 2169 5022 Tiburtinum

870 5040 1199 5115 Scipionis.
1283 5046 1406 5104 cfr.
1444 5045 1520 5102 ad
1560 5047 1683 5101 Att.
1726 5053 1753 5101 1
1781 5087 1794 5108 ‚
1842 5052 1907 5108 1,
1953 5049 2008 5103 5.

942 5189 1023 5266 Q.
1099 5192 1418 5269 Curemus
1505 5196 1835 5254 manuus
1927 5192 2165 5263 Nseos,

866 5266 1166 5334 Balearici
1230 5267 1390 5336 tilius
1411 5313 1429 5342 ,
1507 5269 1887 5336 Macedonici
1947 5288 2169 5352 nepos,

2203 5197 2342 5252 *rici
2382 5215 2417 5251 n

2239 964 2467 1019 Ascon.
2513 963 2576 1018 in
2616 962 2859 1019 Cornel.
2904 983 2964 1039 p.
3005 968 3099 1024 65.
3160 962 3280 1038 (Ab
3321 984 3393 1022 eo
3433 968 3550 1024 lata

2239 1037 2337 1093 lex
2377 1037 2637 1095 Caecilia
2678 1038 2902 1107 Didia.)
2941 1070 3017 1083 —
3055 1037 3130 1112 Q.
3161 1041 3440 1100 Metellus
3478 1043 3547 1100 F.

2240 1113 2394 1171 Huic
2459 1115 2768 1170 orationes
2835 1113 3143 1172 scribebat
3193 1116 3265 1172 L.
3320 1117 3553 1174 Aelius.

2239 1189 2413 1247 Brut.
2444 1194 2538 1256 56,
2565 1196 2693 1248 206.
2746 1189 2772 1265 (
2791 1233 2822 1257 ..
2843 1189 3125 1247 Refertur
3153 1193 3227 1249 ad
3255 1190 3553 1250 Balearici

2238 1262 2446 1332 filium,
2472 1268 2573 1342 qui
2586 1264 2790 1340 Nepos
2812 1266 3006 1322 dictus
3023 1267 3173 1323 est.”
3213 1267 3551 1342 Enntsnr.)

2314 1378 2386 1449 Q.
2410 1378 2741 1434 Cancimrs
2767 1377 3093 1435 Mna-mus
3117 1379 3339 1447 Nepos,
3374 1401 3550 1457 prae-

2236 1453 2505 1510 cedentis
2532 1451 2690 1509 lilius
2718 1458 3072 1529 (stemmatis
3113 1459 3260 1525 25.).
3321 1457 3398 1529 Q.
3426 1458 3550 1515 Me-

2237 1529 2362 1585 telli
2386 1573 2399 1586 .
2433 1571 2447 1586 .
2479 1571 2492 1584 .
2524 1573 2536 1584 .
2572 1529 2974 1586 adolescentia
3003 1531 3079 1587 ad
3106 1550 3394 1588 summam
3424 1533 3550 1590 lau·

2238 1605 2372 1662 dem
2408 1604 2685 1661 omnihus
2719 1604 2900 1661 rebus
2927 1618 3159 1663 ornata.
3218 1607 3463 1665 Cornel.
3493 1617 3544 1665 1.

2238 1700 2294 1756 p.
2333 1687 2422 1742 65.
2466 1683 2525 1735 in
2565 1682 2834 1736 Asconio
2878 1681 3124 1739 Baiteri.
3166 1712 3241 1727 —
3282 1683 3551 1740 Fuerunt

2237 1768 2379 1812 tunc
2397 1755 2599 1830 plures
2620 1755 2829 1827 Quinti
2846 1756 3094 1823 Metelli,
3112 1775 3186 1814 ex
3201 1757 3418 1836 quihus
3436 1759 3550 1815 duo

2237 1831 2621 1896 consulares,
2667 1832 2807 1887 Pius
2844 1844 2902 1887 et
2930 1833 3241 1897 Creticus,
3286 1833 3405 1890 duo
3445 1853 3552 1889 au-

2238 1917 2354 1962 tem
2394 1907 2838 1972 adolescentes,
2882 1908 3086 1983 Nepos
3131 1920 3190 1965 et
3224 1907 3431 1965 Celer.
3472 1928 3547 1965 ex

2237 1981 2451 2059 quibus
2493 2000 2653 2038 nunc
2691 1982 2780 2038 Ne
2826 1994 2983 2039 otem
3022 1981 3345 2060 significat.
3398 1984 3545 2040 Eius

2236 2060 2394 2114 enim
2435 2070 2702 2131 patrem,
2762 2003 2836 2129 Q).
2885 2058 3187 2115 Metellum
3225 2060 3540 2134 Nepotem,

2236 2132 2529 2190 Balearici
2572 2130 2784 2199 tilium,
2833 2133 3203 2191 Macedonici
3240 2147 3543 2210 nepotem,

2236 2212 2338 2285 qui
2383 2209 2593 2265 consul
2637 2209 2748 2265 fuit
2794 2227 2931 2265 cum
2969 2210 3042 2266 T.
3082 2210 3302 2277 Didio,
3362 2211 3548 2268 Curio

2238 2289 2324 2353 is,
2367 2284 2439 2339 de
2484 2304 2601 2361 quo
2643 2286 2941 2360 loquitur,
2991 2288 3335 2350 accusavit;
3380 2292 3546 2362 isque

2236 2359 2512 2417 Metellus
2543 2362 2807 2416 moriens
2844 2363 3012 2435 petiit
3041 2361 3113 2416 ah
3142 2363 3255 2418 hoc
3284 2360 3410 2418 lilio
3437 2381 3545 2418 suo

2235 2435 2508 2500 Metello,
2592 2445 2654 2490 ut
2706 2436 3068 2501 Curionem,
3132 2448 3546 2494 accusatorem

2234 2530 2406 2567 snum
2430 2555 2443 2578 ,
2490 2522 2835 2577 accusaret,
2886 2523 2944 2567 et:
2985 2511 3044 2568 id
3084 2512 3379 2569 facturum
3410 2530 3544 2568 esse

2235 2589 2363 2642 iure
2387 2586 2642 2642 iurando
2665 2585 2879 2661 adegit.
2924 2586 3195 2643 Metellus
3218 2589 3360 2644 fecit
3377 2605 3544 2643 reum

2234 2662 2589 2727 Curionem;
2647 2680 2781 2717 cum
2828 2680 2901 2717 ue
2960 2665 3199 2719 interim
3246 2662 3545 2740 quendam

2233 2740 2425 2793 civem
2450 2737 2601 2794 idem
2625 2737 2801 2793 Metel
2830 2755 2920 2803 us,
2953 2755 3197 2794 servum
3216 2757 3390 2794 suum
3413 2756 3543 2793 esse

2233 2812 2630 2880 contendens,
2684 2819 2741 2869 vi
2770 2815 3126 2887 arripuisset
3164 2832 3235 2869 ac
3274 2812 3547 2869 verberi·

2231 2888 2345 2944 bus
2405 2888 2701 2944 affecisset
2725 2930 2741 2952 ,
2810 2888 2995 2945 Curio
3060 2899 3425 2945 assertorem
3490 2891 3548 2945 ei

2235 2967 2626 3038 comparavit.
2685 2964 2839 3020 Dein
2881 2982 3015 3020 cum
3054 2975 3375 3040 appareret
3410 2982 3547 3019 eum

2233 3043 2456 3095 exitum
2497 3039 2700 3096 indicii
2740 3040 2900 3096 illius
2938 3040 3240 3109 futurum,
3292 3051 3355 3095 ut
3391 3038 3546 3095 liber

2235 3119 2283 3171 is
2323 3115 2711 3181 iudicaretur,
2757 3133 2932 3191 quem
2961 3115 3234 3172 Metellus
3272 3114 3546 3172 verberi-

2205 3237 2208 3243 „
2233 3190 2342 3247 hus
2384 3189 2666 3246 affectum
2710 3209 2842 3247 esse
2879 3209 3101 3265 negare
3130 3210 3251 3247 non
3280 3202 3539 3265 poterat,

2234 3269 2390 3322 inter
2431 3266 2733 3322 Metellum
2772 3276 2830 3321 et
2871 3265 3197 3323 Curionem
3236 3268 3395 3324 sacta
3435 3285 3544 3340 pa·-

2233 3344 2432 3398 ctione
2468 3340 2784 3397 arbitrium
2824 3340 2895 3397 de
2923 3341 3199 3399 libertate
3227 3360 3539 3419 peregere,

2231 3436 2417 3494 eaque
2466 3419 2666 3492 pactio
2719 3416 2816 3473 ab·
2848 3427 3102 3494 utroque
3152 3416 3387 3475 firmata
3435 3427 3543 3473 est.

2205 3533 2208 3548 ,η
2231 3492 2383 3552 Cum
2420 3493 2535 3548 hoc
2573 3504 2769 3548 autem
2805 3491 3046 3549 Metello
3081 3504 3289 3568 postea
3326 3493 3545 3550 Cicero

2205 3606 2206 3612 ,
2232 3569 2559 3624 simultates
2597 3570 2815 3644 gessit3
2859 3572 3049 3625 evasit
3076 3572 3234 3625 enim
3262 3568 3542 3625 Metellus

2205 3644 2419 3700 'malus
2457 3655 2631 3720 atque
2675 3643 2981 3718 improbus
3009 3646 3181 3700 civis.
3239 3647 3541 3701 Asconius

2235 3719 2476 3776 ibidem.
2521 3750 2594 3762 —
2648 3719 2770 3774 Iam
2812 3738 2946 3775 cum
2987 3719 3059 3791 Q.
3103 3719 3378 3776 Metellus
3419 3720 3544 3775 Ne·-

2230 3815 2340 3926 plos
2388 3795 2601 3851 consul
2647 3815 2702 3849 a.
2748 3813 2808 3849 u.
2853 3813 2907 3850 c.
2960 3801 3087 3853 697.
3181 3795 3257 3867 Q.
3317 3794 3543 3851 Metelli

2205 3909 2208 3915 „
2289 3873 2480 3946 epotis
2518 3870 2781 3926 consulis
2812 3888 2863 3924 a.
2885 3889 2944 3925 u.
2969 3890 3021 3928 c.
3042 3873 3169 3929 656.
3206 3889 3329 3926 non
3359 3867 3545 3933 filins,

2205 3947 2336 4002 [sed
2380 3964 2567 4020 nepos
2608 3947 2807 4009 suerit,
2856 3945 2929 4002 ad
2971 3955 3175 4002 notum
3218 3945 3383 4002 illum
3413 3946 3543 4003 Me-

2231 4021 2433 4079 tellum
2473 4021 2765 4096 Nepotem
2810 4039 2934 4076 cos.
2969 4041 3020 4076 a.
3052 4040 3110 4077 u.
3138 4040 3188 4076 c.
3226 4027 3358 4079 697.
3396 4021 3541 4077 haec

2231 4099 2572 4155 Asconiana
2618 4098 2831 4152 referri
2877 4099 3220 4172 neutiquam
3261 4106 3539 4171 possunt,

2230 4173 2334 4228 sed
2375 4173 2681 4228 fatendum
2727 4181 2818 4227 est
2857 4182 2957 4227 aut
3000 4175 3316 4227 immanem
3354 4192 3388 4228 a
3429 4173 3540 4229 do-

2230 4251 2498 4305 ctissimo
2522 4249 2912 4322 grammatico
2934 4266 3204 4304 errorem
3223 4264 3355 4303 esse
3374 4266 3542 4304 com-

2230 4327 2509 4390 missum,
2554 4335 2689 4389 aut,
2735 4322 2892 4398 quod
2930 4324 3075 4378 mihi
3115 4322 3354 4398 quidem
3397 4341 3539 4397 pro-

2230 4399 2485 4457 babilius
2523 4410 2634 4463 est,
2684 4417 2748 4454 re
2783 4418 2924 4454 vera
2964 4417 3034 4454 eo
3064 4410 3333 4472 tempore
3361 4417 3540 4473 prae-

2229 4489 2321 4532 ter
2348 4474 2652 4530 Metellum
2679 4474 2972 4549 Nepotem
3007 4492 3128 4529 cos.
3166 4494 3218 4528 a.
3242 4493 3301 4530 u.
3328 4494 3381 4529 c.
3410 4478 3537 4534 697.

2229 4670 2257 4697 ,,
2277 4626 2495 4682 malum
2525 4637 2700 4701 atque
2730 4625 3067 4699 improbum
3096 4625 3352 4690 civem.”
3393 4643 3540 4680 eun-

2228 4703 2359 4760 dem
2418 4701 2688 4766 scilicet,
2751 4720 2927 4776 quem
2976 4701 3193 4757 Cicero
3244 4711 3416 4756 notat
3468 4698 3541 4756 ad

2228 4780 2352 4834 Att.
2395 4779 2466 4842 4,
2517 4784 2581 4843 7,
2628 4785 2678 4832 2.
2732 4778 2913 4833 Attic.
2989 4776 3137 4832 Vide
3182 4777 3338 4833 infra
3381 4779 3442 4832 iu
3487 4794 3540 4830 ι’.

2228 4854 2557 4911 canemus
2600 4853 2931 4909 Min-sums
2986 4863 3124 4908 ante
3176 4872 3262 4907 v.:
3323 4851 3545 4908 Caeci-

2228 4948 2362 4987 mus
2403 4928 2621 4985 Nicen.

2304 5043 2377 5116 Q.
2421 5042 2748 5101 Caeculus
2801 5041 3134 5098 Minatus
3175 5039 3412 5108 Canta,
3471 5039 3543 5113 Q.

2230 5119 2452 5177 Metelli
2480 5118 2731 5193 Nepotis
2773 5137 2897 5174 cos.
2932 5121 3065 5176 656.
3098 5114 3282 5184 filius,
3324 5114 3544 5176 Balea-

2477 5212 2569 5250 ›os
2605 5195 2960 5269 (stemmatis
2988 5201 3081 5251 22.
3117 5234 3135 5258 ,
3169 5202 3348 5271 pater
3371 5189 3547 5252 Cele-

2228 5273 2315 5332 ris
2343 5281 2400 5328 et
2420 5214 2671 5352 Nepotis
2699 5268 2799 5348 (de
2830 5267 3045 5354 quibus
3267 5276 3365 5341 70,
3389 5264 3543 5339 207.)
