4367 6084
1519 652 1603 717 1².
1651 650 2107 717 VESTRIUS
2148 685 2233 699 —
2277 654 2363 715 L.
2409 652 2840 722 VET'rmS.
3369 660 3492 724 64³

2085 791 2096 805 Ι

850 796 907 857 5,
952 797 1006 858 2,
1050 797 1107 846 2.
1154 818 1217 831 -
1296 791 1440 848 Eius
1480 791 1731 849 Latinus
1771 790 2013 851 o'irumo
2067 807 2172 855 ος.4
2280 792 2574 849 Van-ius.
2667 792 2786 865 Qui
2837 795 3034 853 villain
3096 816 3188 855 ine
3251 798 3500 857 moleste

849 865 997 923 Ibid.
1038 865 1149 940 Ep.
1196 872 1284 934 17,
1330 876 1382 925 1.
1421 897 1495 911 -
1557 866 1904 934 Vestorius,
1974 813 2149 928 (ξιτε-
2180 929 2181 937 ¹
2207 869 2406 924 ferunt
2445 867 2708 936 babere,
2753 887 2902 944 quae
2943 871 3135 929 Catuli
3173 876 3366 932 suerat
3391 916 3407 942 ,
3462 891 3498 930 a

846 943 1016 999 ronis
1056 941 1388 999 familiaris.
1446 944 1517 999 ad
1559 942 1724 999 Fam.
1764 948 1821 1009 6,
1866 954 1955 1009 11,
2002 951 2148 999 2.-
2180 947 2183 957 ”
2207 943 2408 999 Vettio
2463 962 2557 1001 ine
2607 947 2822 1001 emisse
2888 964 3010 1002 non
3064 952 3345 1024 cogitant.
3424 947 3504 1007 ad

847 1017 1162 1073 Vestorius
1227 1018 1397 1074 valde
1447 1027 1538 1075 est
1580 1020 1642 1073 in
1700 1036 1792 1074 nie
1855 1016 2142 1075 liberalis.
2191 1019 2331 1074 Au.
2373 1022 2432 1084 4,
2477 1024 2535 1086 5,
2581 1027 2637 1076 2.
2676 1048 2738 1060 -
2781 1020 2946 1077 Idem
2973 1032 3064 1077 est
3080 1023 3335 1082 fortasse
3366 1042 3503 1081 cum

830 1093 923 1155 ,ad
976 1094 1102 1149 Au.
1163 1095 1233 1158 4,
1286 1101 1358 1158 6,
1411 1095 1469 1151 4.
1517 1123 1601 1163 ‚—
1677 1093 1989 1150 Vestorius
2041 1112 2145 1149 no-
2207 1094 2405 1149 Vettio
2444 1098 2750 1171 mancipe:
2834 1107 3143 1170 praeterea
3202 1101 3504 1175 suspicari
3601 1092 3606 1098 ⁵

851 1179 975 1224 ster
1031 1177 1146 1224 cet.
1244 1167 1397 1225 Ibid.
1460 1169 1576 1236 14,
1639 1176 1695 1226 1.
1758 1199 1836 1212 -
1931 1170 2149 1225 Vesto-
2207 1169 2345 1226 licet
2401 1172 2654 1228 eundem
2713 1171 2868 1228 baud
2932 1173 3235 1231 diversum
3290 1193 3419 1233 esse
3465 1193 3501 1232 a
3541 1174 3566 1199 ²

850 1245 973 1300 rius
1024 1240 1378 1301 aedificandi
1435 1245 1582 1300 mibi
1644 1244 2027 1302 consiliarius
2090 1253 2149 1300 et
2208 1244 2467 1303 Scatone
2508 1246 2644 1314 illo,
2700 1250 2800 1323 qui
2838 1259 3201 1305 memoratur
3237 1269 3350 1325 pro
3390 1251 3504 1308 do-

852 1328 1081 1376 auctor.
1156 1319 1233 1376 ad
1272 1325 1398 1376 Att.
1434 1325 1527 1384 14,
1575 1327 1633 1386 9,
1676 1327 1731 1376 1.
1774 1350 1848 1364 -
1923 1318 2146 1377 Vesto-
2207 1338 2302 1376 ino
2344 1322 2439 1387 44,
2487 1325 2617 1381 116.

850 1399 1007 1480 rius,
1050 1394 1229 1482 bomo
1268 1406 1532 1484 remotus
1573 1415 1606 1452 a
1648 1394 2013 1481 dialecticis,
2086 1395 2147 1450 in
2280 1413 2555 1471 vni-ms
2610 1426 2891 1490 man-001),
2922 1458 2938 1485 ,
3008 1417 3188 1473 iudex
3245 1418 3500 1491 Romu,

850 1471 1242 1527 arithmeticis
1280 1481 1428 1528 satis
1468 1479 1850 1527 exercitatus.
1910 1470 1985 1526 ad
2023 1469 2147 1526 Att.
2205 1505 2305 1545 res
2346 1489 2614 1566 indigna,
2672 1490 2748 1547 ,d
2789 1495 2914 1547 Au,
2959 1498 3026 1561 5,
3076 1508 3127 1561 1,
3173 1499 3265 1552 15,

848 1546 977 1688 ἔέ..
1005 1554 1127 1696 ἶῗωῐ
1167 1550 1364 1678 3...ss
1403 1545 2148 1697 Jssssifllfftsstm'ssissi‘ffss
2208 1582 2588 1717 ..3531222
2591 1583 2852 1716 Igu-52¹²·
2881 1593 2936 1697 22
2963 1589 3022 1657 4,
3055 1594 3109 1647 ⁷·
3165 1585 3317 1645 Vide
3343 1585 3509 1645 v...

845 1700 1000 1753 ticus
1035 1699 1411 1771 argentarios
1450 1698 1646 1754 fenori
1682 1697 2021 1754 exercendo
2055 1697 2148 1752 in·
2663 1755 2672 1764 ,

850 1778 1100 1840 tenum)
1175 1770 1266 1829 ῃ),
1334 1773 1447 1847 Ep·
1509 1776 1614 1840 14,
1658 1780 1713 1830 1·
1763 1800 1825 1813 ...
1898 1773 1991 1830 Ad
2022 1771 2149 1828 Tu,
2281 1752 2550 1810 Vim-rius
2605 1754 2822 1812 Picens
2866 1795 2884 1824 ,
2964 1752 3168 1813 Sullae
3242 1754 3504 1816 satelles.

848 1846 1125 1903 sculanas
1154 1847 1587 1923 disputationes
1620 1859 1684 1904 tu
1722 1849 1901 1904 etiam
1933 1848 2149 1904 Vesto·
2208 1824 2334 1885 3⁸¹·
2377 1828 2530 1886 Hm·
2578 1837 2631 1897 1⁹
2676 1835 2767 1890 1⁵·
3425 1908 3430 1913 ,

851 1925 1005 1977 rium
1045 1922 1325 1981 hortaris.
1378 1922 1513 1980 Lib.
1553 1930 1646 1989 15,
1688 1926 1748 1989 4,
1794 1928 1849 1983 5.
1892 1954 1963 1967 -
2003 1923 2148 1979 Eius
2282 1922 2354 1978 L.
2399 1922 2670 1981 Vsu-ms
2710 1922 2927 1980 index:
2967 1943 3077 1999 per
3114 1944 3248 1983 euni
3270 1925 3341 1983 P.
3384 1923 3512 1983 Va-

852 2002 1265 2057 controversia
1328 2018 1465 2057 cum
1532 1998 1891 2074 Sempronio
1969 1998 2145 2055 Rufo.
2207 1999 2394 2054 tinius
2430 1997 2786 2056 Ciceronem
2814 2005 3201 2076 oppugnavit.
3255 2019 3367 2076 pro
3395 1999 3512 2059 Se·

853 2072 1083 2129 Caelius
1122 2074 1199 2131 ad
1239 2075 1404 2132 Fam.
1449 2083 1505 2140 8,
1550 2079 1607 2142 8,
1640 2086 1694 2133 1.
1742 2105 1805 2117 -
1850 2073 2149 2131 Memora-
2186 2076 2326 2130 *stio
2363 2078 2460 2141 65,
2505 2082 2634 2135 152.
2673 2103 2745 2117 -
2799 2072 2950 2132 Eum
2977 2117 2992 2142 ,
3038 2094 3171 2134 cuin
3207 2078 3268 2132 in
3297 2087 3513 2134 senatu

848 2158 949 2204 tur
1002 2159 1311 2223 praeterea
1371 2150 1445 2206 ad
1496 2152 1624 2207 Ati.
1676 2161 1766 2217 10,
1829 2157 1921 2215 15,
1960 2157 2016 2207 3.
2074 2148 2149 2224 ad
2210 2151 2520 2207 consessus
2548 2161 2680 2207 erat
2712 2168 2776 2206 se
2809 2169 2949 2207 cum
2975 2153 3095 2209 telo
3129 2154 3348 2219 fuisse,
3393 2151 3508 2210 Cn.

846 2224 976 2280 Att.
1022 2232 1114 2293 15,
1159 2233 1251 2291 12,
1291 2229 1348 2284 4.
1408 2224 1481 2282 ad
1520 2227 1647 2283 Att.
1689 2230 1781 2293 15,
1822 2228 1919 2291 46,
1961 2228 2015 2284 5.
2211 2225 2497 2301 Pompeio
2536 2228 2662 2282 suis
2701 2223 2978 2283 inanibus
3035 2245 3245 2285 necem
3290 2226 3511 2285 offerre

924 2317 995 2373 Ρ,
1038 2318 1341 2375 Van-„03
1367 2334 1606 2406 ’‘g-ques
1646 2318 1793 2382 RQ,
1834 2318 2149 2393 pompeia-
2213 2301 2516 2368 voluisse,
2583 2302 2646 2357 in
2703 2303 3045 2359 contionem
3097 2304 3385 2378 produxit
3436 2301 3510 2360 P.

851 2410 999 2459 nus,
1055 2410 1123 2449 e.
1171 2404 1299 2461 2¹¹8?
1364 2412 1419 2449 ρ,
1458 2397 1692 2471 ignovit
1733 2393 1954 2451 caen„
1994 2410 2047 2446 ⁸,
2089 2413 2143 2450 u,
2211 2376 2532 2465 Yatinius,
2576 2374 2860 2433 tribunus
2901 2378 2982 2453 pl.
3028 2385 3106 2447 (a.
3147 2398 3207 2436 u.
3251 2397 3307 2435 c.
3351 2381 3514 2465 6955)

853 2485 907 2522 c,
948 2473 1077 2527 707,
1176 2468 1270 2525 eu,
1302 2470 1492 2527 Afric,
1520 2472 1618 2531 64,
2213 2470 2273 2506 in
2315 2451 2621 2508 Vatinium
2664 2459 2774 2517 10,
2831 2455 2924 2511 24.
2986 2485 3060 2499 -
3135 2454 3300 2512 Idem
3338 2453 3513 2511 Van-

2213 2529 2343 2584 nius
2383 2526 2788 2601 promulgavit
2828 2532 3238 2604 quaestionem
3264 2529 3336 2587 de
3366 2527 3518 2586 inul-

2211 2604 2287 2657 tis
2355 2602 2733 2677 amplissimis
2796 2606 2946 2660 viris
2976 2644 2992 2671 ,
3064 2606 3250 2662 indici
3311 2604 3516 2663 Vetti·

2212 2677 2476 2752 praemia
2544 2677 2907 2751 amplissima
2947 2696 2964 2745 ;
3049 2678 3266 2756 quibus
3329 2678 3514 2737 rebus

2211 2756 2476 2810 omnium
2516 2751 2855 2809 mortalium
2887 2771 3007 2809 non
3036 2754 3363 2822 voluntate,
3408 2754 3518 2813 sed

2212 2830 2487 2885 convicio
2546 2828 2874 2914 repudiatis
2929 2829 3109 2913 (regit
3163 2832 3227 2886 in
3268 2846 3514 2889 carcere

2211 2903 2761 3065 353332212233
2801 2903 3035 3036 {2333
3055 2905 3518 3036 ..tasi-3⁰2³&

2212 3073 2326 3133 que
2367 3055 2614 3112 sceleris
2654 3073 2717 3111 in
2761 3073 2823 3111 se
2864 3057 3060 3129 ipsum
3100 3056 3368 3131 quaestio
3403 3052 3518 3111 fla-

2188 3136 2522 3204 gitaretur.
2599 3129 2753 3186 Ibid.
2818 3137 2923 3198 11,
2973 3132 3066 3190 26.
3110 3158 3184 3174 —
3260 3129 3333 3186 L.
3375 3130 3520 3188 Vet-

2212 3212 2330 3265 tius
2356 3248 2373 3275 ,
2415 3208 2593 3264 bomo
2649 3205 3091 3281 perditissimae
3136 3206 3510 3276 temeritatis,

2213 3283 2498 3340 indicium
2536 3281 2750 3339 detulit
2786 3280 2863 3337 ad
2900 3291 3211 3348 senatum,
3253 3280 3367 3338 sibi
3407 3298 3518 3357 per

2214 3359 2501 3435 quosdam
2542 3365 2964 3432 praepotentes
3005 3366 3063 3423 et
3093 3355 3328 3416 nobiles
3368 3374 3519 3414 con-

2213 3434 2445 3492 sulares
2487 3433 2725 3491 caedem
2770 3431 3147 3500 mandatam,
3203 3441 3271 3487 ut
3307 3434 3518 3509 ingre-

2215 3508 2444 3566 dientes
2508 3509 2705 3565 forum
2768 3505 2881 3564 Cn.
2940 3505 3090 3563 Pom
3135 3506 3291 3563 eitun
3335 3518 3396 3563 et
3443 3504 3516 3565 C.

2213 3582 2534 3641 Caesarem
2581 3580 2974 3639 interficeret.
3109 3580 3521 3657 omplecteba-

2213 3668 2311 3715 tur
2350 3670 2544 3717 auteni
2585 3659 2700 3715 boc
2742 3657 2964 3714 indicio
3004 3656 3298 3745 plurimos
3341 3675 3524 3715 sena-

2213 3743 2411 3802 tores,
2456 3736 2518 3791 in
2565 3734 2697 3813 quis
2749 3733 2862 3790 fuit
2907 3744 2967 3789 et
3005 3750 3132 3809 ipse
3159 3730 3241 3790 Μ.
3284 3732 3518 3791 Tullius

2212 3818 2272 3865 et
2311 3809 2382 3868 L.
2441 3808 2588 3867 Piso
2639 3817 2699 3866 et
2762 3807 2879 3865 duo
2945 3807 3242 3866 Curiones
3297 3821 3358 3867 et
3415 3808 3520 3866 alii

2211 3904 2388 3963 quain
2453 3886 2699 3962 plurimi
2754 3887 3067 3942 nominati.
3171 3883 3293 3944 Sed
3357 3886 3520 3941 enin

2210 3962 2310 4037 (de
2348 3963 2409 4018 vi
2448 3980 2590 4018 rens
2617 3961 2809 4017 factus
2838 3968 2922 4028 et)
2951 3962 3259 4019 coniectus
3288 3961 3350 4016 in
3377 3976 3523 4016 car-

2212 4055 2411 4095 cerem
2448 4038 2683 4094 Vettius
2724 4035 2945 4093 ibidem
2982 4052 3328 4112 supremum
3357 4032 3518 4091 diem

2175 4151 2176 4155 ,
2211 4116 2368 4170 vitae
2408 4112 2649 4179 habuit,
2693 4128 2769 4169 ex
2794 4128 3002 4169 eoi-uin
3030 4110 3311 4169 videlicet
3335 4126 3520 4165 maa-

2211 4187 2388 4257 datu,
2432 4198 2719 4265 qnantum
2759 4203 2966 4244 rumor
3005 4184 3239 4243 ferebat
3262 4226 3278 4253 ,
3347 4184 3517 4241 occi-

2209 4280 2350 4329 sus,
2382 4338 2392 4349 .
2423 4267 2525 4339 qni
2579 4280 2713 4319 eum
2771 4262 2846 4318 ad
2889 4263 3324 4319 calumniosum
3367 4258 3516 4316 illud

922 2561 1221 2619 Vesuvius
1268 2560 1447 2620 habet
1482 2563 1616 2621 loca
1657 2563 1884 2621 leviora
1927 2575 1985 2621 et
2016 2562 2149 2622 ideo

850 2635 1207 2695 salubriora.
1258 2638 1457 2696 Varro
1496 2638 1621 2698 RR.
1661 2646 1714 2707 1,
1756 2644 1814 2709 6,
1856 2644 1909 2699 5.

921 2730 994 2788 L.
1036 2732 1403 2791 Vati-scimus
1439 2732 1656 2791 Licuit.
1699 2731 1880 2790 Verr.
1930 2732 2149 2791 Accus.

850 2813 905 2871 2,
949 2811 1006 2873 8,
1050 2810 1145 2866 24.
1188 2806 1339 2865 falsa
1376 2808 1558 2868 lectio
1598 2826 1710 2886 pro
1750 2808 1821 2865 L.
1864 2806 2149 2867 Vaciuus

852 2879 1064 2939 Licini.

926 2973 1205 3033 Vna-nass
1244 2974 1531 3035 tabernae
1572 2978 1634 3036 in
1684 2978 1818 3037 foro
1856 2979 2147 3037 Romano.

852 3049 1043 3107 Acad.
1085 3059 1142 3118 2,
1186 3054 1279 3118 22.
1328 3059 1420 3113 70.
1500 3050 1651 3111 Vide
1686 3052 1928 3113 Novas.

925 3143 995 3201 P.
1043 3144 1372 3216 viz-rmus,
1426 3150 1803 3227 propinquus
1845 3147 1986 3207 Sex.
2032 3150 2154 3208 Ae-

852 3218 1037 3288 butii,
1101 3224 1270 3280 testis
1325 3225 1390 3281 in
1445 3242 1630 3283 causa
1692 3225 1771 3282 A.
1832 3223 2149 3287 Caecinae.

850 3314 964 3370 pro
1006 3295 1264 3356 Caecina
1302 3302 1363 3367 9,
1402 3302 1500 3359 24.

925 3390 1293 3449 Vsa-manus.
1351 3393 1423 3449 ad
1446 3395 1571 3450 Ati.
1605 3402 1696 3461 10,
1729 3399 1785 3463 5,
1820 3400 1875 3456 5.
1927 3395 2154 3453 Vettie-

849 3485 989 3523 num
1044 3467 1190 3523 mibi
1247 3469 1501 3523 amicum
1538 3509 1555 3536 ,
1625 3479 1692 3524 ut
1743 3469 2003 3539 scribis,
2072 3473 2149 3527 ita

849 3552 990 3617 puto
1031 3559 1198 3598 essee
1265 3558 1399 3597 cum
1438 3560 1543 3610 eo,
1612 3542 1773 3619 quod
1825 3544 2154 3621 ἀποτόμως

848 3618 920 3674 ad
986 3636 1078 3673 me
1136 3617 1471 3692 scripserat
1522 3618 1593 3674 de
1635 3619 1892 3675 nummis
1932 3636 2149 3675 curan-

848 3694 977 3760 dis,
1042 3696 1476 3770 θυμικωτερυν
1539 3710 1705 3750 eraut
1758 3696 1987 3751 iocatus
2032 3704 2149 3751 cet.
2190 3720 2191 3727 ¹

847 3769 1178 3826 Monam-au
1235 3767 1576 3844 adscripsi,
1622 3768 1781 3845 qnod
1808 3770 1905 3827 ille
1947 3769 2022 3829 ad
2058 3788 2149 3826 ine

850 3864 959 3901 rao
999 3862 1278 3901 consuta.
1360 3841 1451 3901 lb.
1494 3844 1609 3920 Ep.
1653 3854 1747 3912 11,
1791 3851 1846 3905 5.
1921 3843 2013 3903 Ib.
2057 3852 2149 3913 15,

849 3925 903 3974 2.
962 3917 1051 3975 lb.
1094 3919 1204 3995 Ep.
1247 3925 1339 3986 15,
1372 3923 1427 3979 4.
1480 3921 1935 3997 (Argentarium
1964 3922 2149 3981 fnisse

851 4011 924 4047 ex
983 3993 1131 4051 loeis
1189 3996 1281 4052 liis
1337 3995 1430 4051 vel
1480 3996 1883 4055 feneratorem
1941 3996 2149 4055 saltem

853 4068 1225 4139 intelligitur.
1294 4070 1473 4140 Ean.)
1541 4102 1602 4113 -
1685 4072 2029 4130 Vettienum
2092 4085 2149 4130 et

849 4140 1169 4199 Faberium
1208 4144 1400 4203 foveo.
1483 4147 1558 4204 ad
1589 4148 1715 4209 Ait.
1753 4153 1845 4217 15,
1894 4152 1985 4214 15,
2030 4152 2065 4209 5
2093 4160 2149 4205 et

850 4224 903 4277 5.
948 4246 1021 4261 ·-
1060 4219 1153 4276 Ad
1192 4219 1319 4278 Ait.
1364 4229 1465 4289 12,
1500 4228 1560 4289 5,
1603 4230 1660 4280 2.
1690 4254 1752 4266 -
1809 4220 2149 4300 Ambigitnr

848 4294 918 4351 de
972 4305 1276 4388 ‘fumun
1310 4340 1326 4364 ’
1363 4307 1595 4385 furum
1650 4300 1957 4353 V‘m‘mu
1987 4340 2002 4365 ’
2071 4318 2147 4354 ⁸⁰
2210 4338 2498 4394 indicium
2538 4336 3046 4396 subornaverant.
3103 4334 3309 4394 Schol.
3352 4332 3508 4393 Boi».

846 4372 1171 4428 Vectienus.
1277 4371 1437 4430 Olim
1506 4390 1825 4450 perperam
1894 4371 2149 4430 edebant
2251 4430 2322 4468 m
2379 4412 2581 4470 Senio
2749 4420 2858 4476 308
2927 4415 2990 4469 in
3030 4411 3210 4469 Vah
3374 4416 3488 4472 32⁰

843 4448 1142 4504 Voeum‘
2009 4544 2019 4554 ,
2068 4544 2078 4553 ,
2208 4430 2276 4530 ¹:-
2328 4487 2566 4545 Vettius
2606 4431 2703 4543 ἰὶῗὲ
2734 4529 2750 4555 ,
2813 4455 2914 4544 ille
2955 4498 3167 4573 noster
3205 4428 3388 4543 fngiat
3423 4450 3510 4554 (εἰ

880 4541 1219 4627 ,νῑπῐωτ
1249 4558 1457 4626 ,θῑῐῑῑθδ
1497 4540 1841 4629 R⁰¹¹³P⁰⁸⁸v
1906 4559 2143 4600 ’nucu‘
2207 4580 2266 4618 u.
2311 4580 2365 4619 e.
2412 4569 2576 4633 695.)
2615 4562 2859 4621 Caesari
2903 4561 3201 4638 pollicitus
3239 4571 3331 4617 est
3375 4569 3509 4619 se'ae

841 4634 1025 4672 simus
1085 4614 1398 4672 Catilinae.
1477 4612 1551 4687 Q.
1609 4615 1737 4675 Cic.
1795 4619 1868 4675 de
1906 4618 2037 4674 Pet.
2080 4617 2147 4675 C.
2205 4648 2575 4707 mmmmm,
2620 4649 2684 4695 ug
2718 4640 2780 4694 i„
2811 4639 3067 4714 aliqum
3104 4638 3508 4710 „uvido-en

840 4697 898 4759 3·
944 4701 1037 4749 ¹⁰·
2203 4714 2492 4771 facinoris
2528 4714 2713 4772 Curio
2751 4711 2912 4771 filias
2952 4713 3372 4769 adduceretur.
3427 4710 3506 4771 od

912 4787 1182 4843 Verrius
1219 4862 1227 4871 .
1266 4785 1505 4872 quidam
1576 4804 1711 4844 cum
1781 4785 2167 4863 quadrantes*
2202 4790 2324 4846 Ait.
2361 4796 2416 4856 2,
2461 4794 2553 4857 24,
2598 4796 2650 4847 2.
2695 4820 2758 4833 -
2841 4788 2995 4847 Tota
3039 4789 3290 4845 liistoria
3341 4786 3503 4845 indi·

841 4879 1048 4920 aereos
1089 4859 1299 4932 flagitii
1350 4863 1683 4921 mercedem
1725 4880 1835 4937 per
1871 4863 2139 4921 fraudem
2201 4865 2278 4921 cii
2319 4864 2582 4922 Vettiani
2611 4868 2673 4921 in
2724 4863 2826 4922 illa
2875 4862 3128 4939 epistola
3156 4866 3498 4938 exponitur.

843 4935 1081 4996 Clodiae
1122 4937 1415 5003 dedisset,
1501 4938 1806 4995 Plutarch.
1846 4936 1973 4995 Cie.
2016 4940 2139 5014 29.)
2200 4939 2740 5016 Cl'r.1nterpretes,
2764 4939 3115 4996 nominatim
3137 4937 3500 4997 Oudendor-

841 5007 925 5066 M.
966 5014 1304 5072 Camurtius
1369 5023 1429 5070 et
1522 5056 1537 5070 .
1598 5014 1979 5081 Caesen-nius,
2039 5015 2139 5074 alii
2241 5021 2432 5073 iuiaet
2459 5014 3196 5091 Bauiagartea-Crnsinm,
3228 5013 3302 5072 ad
3325 5013 3497 5075 Suet.

841 5084 1078 5145 Clodiae
1118 5099 1415 5147 amatores
1440 5132 1455 5157 ,
1500 5092 1731 5147 nefario
1752 5099 1964 5163 stupro
1989 5094 2138 5147 ami·
2172 5034 2244 5148 ,ξ

2246 5110 2366 5148 aes.
2409 5097 2478 5149 17
2521 5102 2580 5148 et
2619 5098 2712 5151 20.
2756 5119 2830 5133 -
2907 5090 3253 5167 Cogno-en
3285 5091 3499 5146 Iudicis

837 5178 943 5216 cae
984 5162 1131 5220 iram
1168 5167 1275 5223 ulti
1316 5178 1474 5224 sunt.
1520 5185 1634 5242 pro
1674 5162 1877 5222 Caelio
1902 5168 1998 5234 50,
2044 5171 2135 5225 71.
2196 5166 2273 5224 ad
2310 5178 2548 5243 gentem
2599 5166 2860 5229 Vettiam
2913 5169 3218 5243 pertinere
3268 5163 3494 5223 nunni

833 5235 985 5307 (cfr.
1027 5236 1137 5296 Ed.
1180 5260 1374 5302 meain
1412 5244 1759 5310 minorem.)

2154 5243 2155 5247 ’
2195 5252 2493 5302 testantur
2515 5283 2534 5314 ,
2577 5242 2683 5300 sed
2719 5260 2843 5301 non
2869 5252 3070 5319 potest
3102 5252 3270 5301 certo
3307 5254 3494 5316 argu-
