4367 6084
452 583 527 654 seo
662 538 664 542 ’
882 574 935 641 ιιι.
960 572 1162 641 eremos
1186 568 1439 680 mosao„

464 725 548 784 Snlla
568 724 684 800 legatus
710 720 748 778 ad
771 727 906 775 senatum
928 716 965 772 de
984 714 1120 772 Rhodio·
1149 713 1245 771 frater
1272 722 1303 769 et
1321 713 1359 770 T.
1381 711 1566 801 I’omponisss
1579 711 1678 772 .et'L.
1692 710 1813 774 Cinam

463 821 533 860 rum
553 801 695 876 praemiis
713 793 867 880 venerat.‘'¹
894 792 980 878 Brut.
992 796 1039 857 9ο,
1055 796 1119 877 512.
1148 789 1244 847 frater
1263 787 1420 874 patruelis.
1437 810 1440 815 ·
1459 789 1495 876 de
1508 789 1599 846 Fran.
1616 795 1651 878 1,
1659 796 1689 858 5,
1705 793 1753 849 16.
1781 795 1811 857 5,

463 907 502 923 -
521 877 588 934 Hoc
609 893 688 931 anno
709 869 876 927 defendisse
896 867 1014 928 videtur
1033 875 1120 922 etiam
1151 871 1221 930 1,1.
1240 863 1403 920 -Ibidem
1421 865 1815 940 etipseetAtticnsEleu·

359 996 363 1005 ,
393 985 395 988 >
464 953 620 1011 Varenum
648 947 807 1012 sicarium,
842 946 895 1020 qui
921 953 1022 1000 tamen
1049 959 1121 997 con·
1151 941 1238 997 siniis
1258 942 1411 1012 mysteriis
1431 941 1542 998 initiati
1560 953 1640 998 sunt.
1670 940 1815 1016 deLegg.

467 1028 624 1086 demnatus
645 1033 700 1079 est.
1151 1024 1185 1084 2,
1208 1017 1260 1085 tlt,
1281 1018 1326 1076 56.
1355 1044 1386 1055 -
1416 1015 1517 1088 „Post
1536 1035 1559 1072 a
1585 1035 1632 1073 me
1650 1017 1726 1075 Asia
1748 1027 1812 1074 tots

507 1103 545 1160 A.
567 1120 596 1156 ιι.
618 1118 645 1155 c.
668 1099 733 1157 675.
765 1106 823 1151 aet.
844 1093 988 1150 XXVIII.
1031 1091 1123 1166 „Ego
1154 1100 1311 1165 peragrata
1329 1101 1374 1147 est
1387 1109 1456 1147 cnm
1468 1094 1592 1148 sunrmis
1606 1093 1727 1170 quidem
1742 1111 1815 1148 ors·

467 1181 547 1237 hanc
564 1170 804 1230 adolescentulus
818 1189 950 1236 causam,
973 1185 1040 1223 cum
1053 1185 1125 1243 age·
1153 1166 1281 1233 toribus,
1303 1164 1480 1242 quibuscum
1496 1167 1753 1243 exercebar-ipsis
1766 1167 1815 1223 ln-

468 1264 535 1312 rem
567 1259 674 1306 contra
710 1248 861 1303 hominem
895 1245 1124 1300 disertissimum
1155 1240 1310 1310 bentibus,
1339 1260 1468 1318 quorum
1495 1254 1559 1299 erat
1582 1247 1727 1319 princeps
1749 1243 1816 1300 Me-

468 1336 594 1386 nostrae
605 1323 745 1387 civitatis,
759 1320 886 1387 Cottam,
898 1317 1034 1394 probavi.
1051 1319 1125 1374 Cum
1155 1320 1262 1393 nippus
1278 1315 1514 1375 Stratonicensis
1534 1337 1600 1375 meo
1617 1319 1730 1376 iudicio
1753 1329 1815 1375 tota

470 1402 633 1461 Arretinae
663 1396 799 1452 mulierIs
826 1394 994 1451 libertatem
1022 1394 1126 1449 deien—
1156 1395 1226 1450 Asia
1267 1393 1324 1448 illis
1360 1394 1546 1469 temporibus
1582 1395 1814 1452 disertissimus.

424 1495 427 1502 ¹
472 1478 576 1535 derem
595 1483 625 1529 et
644 1472 731 1530 Cotta
752 1470 930 1527 decemviris
952 1470 1125 1544 religionem
1156 1468 1368 1525 Assiduissime
1393 1481 1491 1526 antem
1516 1486 1632 1527 mecum
1654 1471 1715 1526 ¹Issit
1737 1469 1818 1525 Dio-

472 1553 642 1614 iniecissct,
671 1565 733 1602 non
752 1564 843 1620 posse
864 1554 1000 1601 nostrum
1023 1563 1128 1600 sacra·
1156 1546 1261 1616 nysius
1282 1543 1425 1618 Magne„
1449 1556 1514 1601 erat
1534 1546 1620 1601 etiam
1640 1545 1816 1618 Aeschylus

471 1637 606 1684 mentum
626 1626 736 1680 iustum
758 1621 902 1688 iudicari,
933 1619 1011 1696 quod
1031 1620 1128 1675 Arre·
1157 1619 1292 1687 Cnidius,
1314 1619 1550 1693 Adramyttenus
1569 1620 1736 1678 Xenocles.
1777 1620 1818 1676 Hi

471 1705 546 1760 tinis
566 1698 704 1773 adempta
724 1696 831 1752 civitas
849 1706 938 1761 esset,
962 1705 991 1750 et
1007 1713 1129 1768 egove-
1157 1707 1219 1751 tum
1239 1698 1270 1751 in
1289 1695 1362 1750 Asia
1389 1697 1543 1753 rhetorum
1569 1698 1725 1772 principes
1754 1714 1819 1751 nu-

472 1777 640 1836 hementius
660 1771 882 1829 contendissem
905 1773 1056 1827 civitatem
1076 1770 1130 1827 ad·
1159 1768 1363 1826 morabantur.
1411 1770 1528 1843 Quibus
1561 1791 1622 1829 non
1651 1780 1818 1834 contentus

473 1854 528 1912 imi
560 1868 622 1906 non
654 1849 808 1923 potuisse;
843 1846 1005 1902 decemviri
1033 1848 1129 1919 prims
1159 1846 1295 1903 Bbodum
1309 1847 1378 1901 veni
1387 1865 1496 1923 meque
1511 1847 1549 1904 ad
1565 1847 1703 1913 enodem,
1727 1865 1820 1922 quem

474 1928 594 1985 actione
622 1941 684 1979 non
711 1922 936 1978 iudicaverunt:
965 1931 1069 1996 postea
1096 1940 1129 1976 re
1159 1921 1269 1977 Romae
1283 1921 1466 1990 audiveram,
1484 1922 1635 1980 Molonem
1648 1921 1817 1998 applicavi,

475 2002 612 2080 quaesita
647 2008 677 2054 et
712 1994 875 2053 deliberata
909 2007 1131 2054 sacramentnm
1160 2014 1227 2052 cum
1247 2006 1379 2052 actorem
1403 1999 1434 2053 in
1461 2001 1540 2054 veris
1562 2000 1662 2056 causis
1681 2002 1820 2071 scripto-

475 2087 615 2134 nostrum
644 2075 755 2129 iustum
784 2072 1011 2139 iudicaverunt,
1043 2083 1131 2148 atque
1159 2090 1281 2148 remque
1301 2083 1514 2146 praestantem,
1540 2085 1602 2130 tum
1621 2075 1653 2129 in
1673 2071 1820 2129 notandis

473 2154 533 2210 hoc
561 2159 592 2206 et
616 2158 723 2205 eontra
749 2147 868 2204 dicente
889 2147 976 2205 Cotta
997 2158 1027 2203 et
1047 2147 1130 2204 Sulla
1160 2146 1431 2203 animadvertendis
1475 2148 1819 2206 evitiisetInstituendo

444 2229 548 2284 ·vivo
568 2223 731 2281 iudicatum
750 2224 825 2279 est.'’
861 2223 1061 2298 proCaeeina
1082 2229 1130 2286 55,
1161 2222 1355 2299 docendoque
1374 2241 1431 2296 pru
1455 2225 1651 2282 entissimum.
1689 2223 1721 2279 Is
1736 2223 1820 2279 dedit

476 2308 525 2363 97.
556 2330 593 2344 -
622 2299 723 2371 „Erat
751 2317 786 2354 eo
815 2310 950 2372 tempore
982 2302 1014 2354 in
1044 2297 1132 2355 nobis
1161 2316 1284 2373 operam
1303 2300 1347 2366 (si
1367 2298 1455 2355 modo
1475 2299 1505 2354 id
1525 2299 1670 2375 consequi
1688 2297 1816 2373 potnit),

475 2393 591 2433 summa
610 2374 764 2450 gracilitas
789 2384 819 2428 et
841 2372 1001 2430 infirmitas
1022 2393 1132 2448 corpo·
1161 2387 1193 2429 ut
1224 2373 1311 2429 nimis
1342 2373 1543 2432 redundantes
1571 2393 1626 2431 nos
1652 2385 1683 2430 et
1707 2392 1820 2449 super·

475 2453 538 2518 ris,
570 2468 730 2525 procerum
756 2460 786 2505 et
810 2460 900 2505 tenue
927 2450 1053 2505 collum:
1104 2451 1133 2505 ui
1161 2448 1287 2504 fluentes
1307 2450 1431 2505 iuvenili
1457 2450 1583 2525 quedam
1609 2449 1735 2507 dicendi
1763 2452 1821 2506 im-

474 2524 596 2584 habitus
616 2537 740 2601 atquae
760 2522 857 2599 ligura
879 2544 939 2587 non
980 2526 1065 2581 rocul
1079 2469 1133 2580 qb
1161 2527 1295 2599 punitate
1315 2535 1344 2579 et
1359 2525 1479 2581 licentia
1494 2528 1673 2600 reprimeret
1686 2535 1718 2581 et
1731 2526 1821 2602 quasi

476 2620 543 2659 esse
564 2610 686 2676 putatur
714 2621 731 2656 a
750 2602 829 2655 vitae
850 2546 1004 2675 periculis,
1036 2602 1061 2656 si
1080 2618 1133 2654 ac·
1162 2611 1246 2656 extra
1284 2601 1366 2674 ripas
1405 2598 1588 2658 diffluentem
1627 2601 1819 2657 coerceret!⁸

476 2677 557 2735 cedit
576 2675 663 2732 labor
682 2685 712 2731 et
732 2676 860 2731 laterum
881 2695 987 2751 magna
1006 2688 1133 2732 conten·
1162 2675 1247 2732 Brut.
1265 2679 1312 2741 91,
1331 2680 1395 2734 515.
1411 2694 1472 2752 seq.
1494 2707 1532 2720 -
1550 2676 1596 2734 Ibi
1615 2678 1706 2732 etiam
1727 2676 1821 2733 Posi-

475 2754 531 2810 tio.
551 2751 655 2827 quue
669 2752 765 2824 magis
779 2751 835 2806 boc
849 2769 912 2816 eos,
930 2749 1037 2828 quihus
1051 2770 1133 2807 eram
1162 2752 1283 2806 donium
1294 2751 1505 2826 philosophum
1519 2752 1642 2817 audivit,
1658 2761 1736 2808 teste
1750 2752 1822 2808 Plu·

477 2845 585 2895 carus,
607 2823 827 2891 commovebat,
849 2827 927 2902 quod
948 2829 1047 2882 omnia
1068 2829 1132 2883 sine
1161 2828 1284 2892 tarcho,
1338 2844 1404 2882 uem
1433 2826 1500 2884 ideo
1525 2827 1703 2884 isiniliarem
1730 2845 1820 2883 snum

475 2903 669 2969 remissione,
698 2903 763 2957 sine
783 2905 946 2969 varietate,
969 2904 999 2958 vi
1020 2921 1132 2958 surisnis
1163 2912 1251 2957 vocat
1271 2901 1305 2956 de
1350 2904 1412 2958 lnn.
1437 2914 1464 2969 1,
1487 2911 1515 2969 2,
1539 2907 1567 2962 6.
1590 2912 1619 2959 et
1638 2904 1820 2978 magistrum

475 2982 575 3036 vocis.
593 2987 623 3033 et
649 2979 741 3033 totius
770 2980 910 3051 corporis
940 2980 1133 3034 contentione
1163 2976 1198 3032 de
1212 2977 1287 3032 Fato
1306 2985 1334 3043 3,
1350 2981 1378 3036 5.
1417 2977 1480 3035 Cir.
1502 2978 1537 3034 de
1552 2977 1621 3035 Nat.
1635 2978 1675 3035 D.
1698 2989 1727 3044 s,
1743 2982 1772 3042 5,
1787 2982 1817 3036 6.

477 3053 624 3112 dicebam.
668 3053 773 3128 Itaque
794 3072 861 3108 cum
881 3071 927 3108 me
947 3065 977 3110 et
996 3054 1083 3109 amici
1103 3064 1134 3108 et
1200 3051 1326 3108 Biennio
1349 3063 1456 3126 posta.
1473 3072 1502 3110 ιι.
1518 3073 1545 3110 c.
1561 3061 1626 3115 677.
1643 3062 1700 3109 set.
1715 3051 1819 3110 XXX.

476 3130 585 3186 medici
612 3129 825 3194 hortarentur,
853 3139 886 3183 ut
912 3147 1017 3185 causas
1043 3146 1133 3202 agere
1162 3129 1276 3203 recepit
1303 3146 1334 3184 se
1355 3128 1479 3184 Bomam
1505 3149 1595 3201 „non
1616 3129 1707 3185 modo
1728 3147 1820 3185 exer-

477 3205 670 3263 desisterem:
699 3203 826 3280 quodvis
846 3205 946 3278 potius
967 3205 1132 3278 perieulum
1162 3203 1299 3270 citatior,
1324 3201 1376 3259 sed
1397 3223 1491 3279 prope
1512 3215 1651 3261 mutatus.
1689 3203 1769 3261 Nam
1789 3215 1821 3261 et

476 3283 549 3337 mihi
564 3279 741 3344 adeundum,
758 3298 846 3354 quom
858 3298 873 3332 a
885 3278 1134 3353 speratadieendi
1162 3282 1314 3335 contentio
1325 3281 1414 3335 nimia
1426 3284 1509 3337 vocis
1519 3281 1677 3348 resideret,
1692 3292 1721 3336 et
1732 3283 1820 3357 qnasi

390 3355 394 3363 '
477 3358 574 3430 gloria
596 3353 808 3411 discedendum
828 3357 941 3429 putavi.
984 3353 1044 3411 Sed
1066 3369 1133 3410 cum
1162 3354 1332 3411 deferverat
1344 3357 1452 3422 oratio,
1473 3355 1675 3433 lateribusque
1688 3358 1773 3413 vires
1789 3367 1821 3411 et

476 3448 632 3489 censerem
661 3433 838 3487 remissione
869 3440 898 3485 et
927 3431 1132 3486 moderatione
1162 3432 1285 3504 corpori
1304 3430 1463 3487 mediocris
1485 3431 1820 3489 hahitusaccesserat.”

476 3509 562 3564 vocis
582 3517 611 3563 et
631 3515 811 3562 coinurutato
830 3524 939 3580 genere
954 3506 1073 3562 dicendi
1086 3524 1133 3560 me
1163 3505 1248 3562 Brut.
1265 3509 1312 3572 91,
1328 3513 1393 3567 516.
1415 3535 1447 3558 -.
1468 3507 1516 3562 Ad
1537 3509 1616 3564 bunc
1637 3525 1751 3563 annum
1769 3526 1822 3563 re·

476 3592 507 3638 et
526 3581 690 3656 periculum
710 3583 807 3636 vitare
828 3599 917 3655 posse
938 3591 967 3636 et
984 3594 1133 3655 tempera·
1162 3580 1284 3637 ferenda
1306 3583 1423 3638 videtur
1444 3585 1541 3639 oratio
1567 3603 1622 3657 pro
1644 3582 1682 3655 Q.
1706 3583 1820 3639 Roscio

475 3659 536 3713 tius
557 3656 674 3725 dicere3
695 3667 729 3711 ut
748 3656 994 3713 consuetudinem
1015 3654 1134 3713 dicendi
1162 3656 1330 3721 Comoedo,
1362 3676 1378 3712 a
1406 3676 1465 3732 quo
1495 3658 1601 3716 Cicero
1630 3659 1662 3714 in
1687 3659 1821 3715 actionis

476 3741 634 3797 mutarem,
657 3750 689 3788 es
705 3750 795 3788 cansa
810 3733 880 3788 mihi
897 3733 929 3787 in
943 3732 1047 3787 Asiam
1060 3749 1134 3806 pro·
1162 3742 1226 3788 arte
1248 3734 1402 3798 institutus
1423 3743 1498 3789 erat.

475 3805 632 3865 ficiscendi
646 3808 711 3862 luit.
739 3807 843 3883 Itaque
858 3825 925 3862 cum
939 3825 1035 3862 essem
1049 3805 1134 3862 bien·
1200 3808 1238 3862 A.
1251 3826 1280 3865 u.
1294 3826 1320 3863 c.
1333 3811 1399 3866 678.
1419 3819 1475 3865 act.
1491 3806 1608 3864 XXXI.
1624 3818 1822 3885 qnaestnram

476 3884 559 3938 nium
580 3893 717 3937 versatus
737 3884 770 3937 in
787 3884 885 3938 causis
907 3892 936 3937 et
949 3884 1006 3938 ism
1021 3883 1132 3937 in'Ioro
1163 3883 1246 3956 petiit
1266 3894 1296 3938 et
1314 3902 1420 3939 causas
1435 3882 1548 3940 nobiles
1565 3886 1635 3959 egit.
1666 3883 1754 3940 Brut.
1770 3890 1819 3948 92,

476 3954 659 4014 celehratum
680 3975 777 4012 meum
798 3975 906 4013 nomen
927 3968 1016 4023 esset,
1039 3957 1131 4012 Boura
1162 3962 1227 4016 518.
1250 3987 1286 4001 -
1309 3959 1385 4028 „tlte
1405 3969 1594 4035 quaestorem
1614 3962 1734 4016 cunctis
1754 3959 1822 4029 sni-

476 4051 542 4089 sum
562 4033 727 4106 proiectus.
768 4034 841 4089 Cum
865 4035 1013 4089 venissem
1036 4034 1133 4088 Athe·
1161 4034 1264 4104 fragiis
1283 4034 1412 4109 populus
1427 4034 1578 4092 Bonisnus
1598 4034 1759 4092 Iaciebat.”
1786 4035 1820 4090 in
1857 4074 1859 4079 ·

475 4126 543 4173 nas,
566 4125 620 4162 sex
639 4126 756 4163 menses
777 4126 845 4163 cum
864 4110 1026 4174 Antiocho,
1049 4119 1132 4163 vete·
1161 4109 1264 4164 Pison.
1287 4122 1322 4175 1,
1344 4117 1372 4167 2.

476 4185 521 4238 ris
541 4182 720 4238 Academiae
740 4183 927 4240 nobilissimo
950 4196 979 4240 et
998 4185 1130 4259 pruden·
1198 4187 1235 4240 A.
1249 4202 1278 4239 ιι.
1294 4203 1321 4240 c.
1336 4188 1401 4246 679.
1424 4197 1481 4242 aet.
1496 4185 1627 4243 XXXII.
1667 4185 1821 4258 „Interim

477 4259 594 4313 tissimo
623 4257 819 4331 philosopho,
854 4260 911 4326 tui,
944 4261 1132 4334 studiumque
1161 4277 1207 4315 me
1227 4268 1415 4332 quaestorem
1435 4260 1605 4319 Siriliensis
1625 4263 1746 4337 excepit
1761 4280 1822 4318 an·

477 4332 684 4407 philosophiae
710 4351 863 4408 nunquam
888 4337 1088 4390 intermissum
1116 4354 1131 4390 a
1161 4333 1246 4390 nus.”
1285 4334 1370 4392 Brut.
1394 4339 1448 4402 92,
1471 4343 1536 4398 518.
1561 4367 1593 4378 -
1620 4336 1697 4395 Cum
1717 4346 1821 4393 antem

477 4409 632 4483 primaque
653 4406 854 4464 adolescentia
875 4409 988 4465 cultum
1008 4420 1036 4466 et
1050 4427 1133 4465 seus-
1161 4408 1411 4485 bini-quaestores
1425 4415 1457 4469 in
1472 4412 1576 4470 Sicilia
1589 4413 1718 4489 singulis
1753 4430 1822 4469 rae·

477 4499 533 4557 per
552 4490 673 4537 auctum
693 4482 749 4538 bor
761 4502 867 4539 rursus
881 4503 996 4540 summo
1011 4497 1132 4541 auctore
1160 4484 1277 4541 toribus
1298 4499 1407 4555 essent,
1434 4488 1649 4561 Lilybaetanus
1670 4497 1700 4545 et
1746 4505 1821 4560 yrs-

478 4567 510 4612 et
538 4555 662 4613 doctore
691 4560 846 4614 renovavi.
895 4559 1132 4628 Eodemvtamen
1162 4579 1303 4627 cusanus,
1326 4561 1433 4619 Cicero
1446 4562 1661 4636 Lilybaetsnus
1673 4573 1821 4640 quaestor

477 4640 615 4707 tempore
634 4632 762 4689 Athenis
782 4635 861 4708 apud
875 4634 1058 4691 Demetrium
1073 4635 1134 4710 Sy·
1160 4637 1233 4702 luit,
1266 4648 1404 4711 praetore
1424 4636 1495 4695 Sex.
1515 4639 1681 4697 Peducaeo.
1723 4639 1822 4695 Pseu·

478 4724 558 4771 rum,
575 4717 706 4762 veterem
720 4718 749 4762 et
762 4727 826 4764 non
837 4707 1000 4784 ignobilem
1013 4710 1133 4768 dicendi
1162 4712 1367 4788 doascon.·p.
1392 4721 1458 4773 100.
1488 4745 1526 4759 -
1555 4715 1643 4790 ,Ego
1673 4724 1821 4791 quaestor

479 4783 668 4855 magistrum,
686 4781 818 4840 studiose
828 4788 964 4841 exerceri
975 4784 1133 4842 solebam.'¹
1163 4789 1334 4861 ignoratum
1354 4787 1390 4844 sb
1412 4787 1631 4863 Syracusanis,
1654 4791 1732 4847 cuin
1750 4806 1822 4846 esse

479 4853 566 4912 Brut.
581 4859 629 4921 91,
644 4863 804 4919 sss-315.
827 4888 859 4900 -
881 4861 1008 4917 Athenis
1028 4861 1134 4918 audie·
1163 4867 1285 4919 omnino
1306 4876 1460 4939 negarent,
1480 4877 1615 4940 saeptum
1635 4865 1706 4923 undi
1751 4873 1822 4936 eet

480 4927 533 4986 bat
552 4935 640 4987 etiam
661 4933 816 4989 Zenonem
835 4945 864 4990 et
877 4935 1046 4992 Phaedrum
1061 4936 1135 5012 Epi·
1163 4942 1304 4995 vestitum
1320 4939 1467 5015 vepribus
1487 4951 1517 4997 et
1537 4941 1662 4998 dumetis
1677 4944 1708 4998 in
1731 4940 1823 5017 agari

482 5022 607 5075 eureos,
642 5026 701 5083 quo
730 5011 824 5081 magis
857 5011 935 5067 hanc
967 5011 1133 5068 doctrinam
1163 5015 1353 5072 Archimedis
1372 5017 1570 5091 sepulcrum.”
1604 5019 1695 5074 Tusc.
1717 5021 1748 5084 5,
1770 5021 1820 5083 25,

395 5100 402 5115 ·
480 5083 670 5166 perciperet,
704 5087 814 5159 partim
847 5089 935 5143 etiam
952 5087 1057 5151 ¹Attici
1088 5091 1135 5145 sui
1163 5093 1210 5150 64.
1235 5119 1266 5132 ··
1288 5090 1363 5162 ,Sic
1382 5091 1498 5150 obtinui
1518 5104 1709 5170 quaesturam
1723 5094 1755 5148 iu
1768 5089 1823 5150 Si-

480 5164 597 5233 8121103
629 5175 701 5216 nam
728 5157 840 5220 ihfidtm
866 5161 957 5228 timul
980 5173 1069 5221 erant
1094 5162 1133 5237 Q.
1164 5165 1232 5250 cilis
1252 5169 1427 5243 prosimu,
1445 5177 1492 5239 ,ut
1510 5170 1643 5229 nmmum
1662 5167 1767 5227 oculos
1787 5169 1828 5228 in
