4367 6084
878 2677 890 2691 ⁴
947 2715 973 2731 ο
1028 2665 1097 2711 ut
1117 2673 1347 2721 omnes,
1369 2657 1472 2731 qui
1496 2656 1558 2711 in
1577 2656 1813 2712 theatro
1834 2656 2144 2731 spectandi
2164 2676 2341 2712 emma
2378 2661 2381 2700 l

1043 631 1169 694 110
1424 627 1509 695 c.
1543 625 2048 695 efficimus
2092 625 2488 701 smmis
2525 658 2612 690 .-
2662 580 3248 703 A.CAE011*1A.

2404 765 2686 825 Statium.
2757 760 2873 844 pro
2913 767 3053 826 Sex.
3092 767 3317 828 Roscio
3356 776 3464 836 16,
3506 772 3603 830 46.
3649 801 3709 812 -

2403 841 2701 901 Caecilius
2749 844 3011 911 Statius,
3073 863 3224 921 quos
3279 852 3524 900 ωηιίοοε
3577 848 3720 898 stul-

2403 928 2494 972 tos
2532 938 2691 972 senes
2730 920 2933 977 dicat?
2984 919 3142 979 Cato,
3178 927 3271 988 11,
3304 925 3400 981 56.
3445 952 3517 967 —
3559 920 3723 979 Ver-

2404 1013 2506 1050 sus
2544 1014 2619 1051 ex
2665 997 2792 1051 eius
2836 995 3128 1073 Epiclero.
3182 996 3345 1054 Lael.
3376 1004 3475 1064 26,
3505 1003 3602 1056 99.
3652 1026 3716 1038 -

2404 1070 2550 1127 Eius
2590 1069 2869 1144 Hyantis.
2939 1071 3012 1129 de
3052 1072 3228 1129 Finn.
3269 1081 3339 1137 2.
3386 1078 3454 1138 7.
3498 1080 3595 1131 22.
3651 1102 3715 1113 —

2403 1145 2934 1221 Hypobolimaeus.
2994 1146 3192 1205 Varro
3232 1147 3360 1205 RB.
3396 1157 3455 1214 2,
3489 1156 3585 1214 11,
3618 1157 3715 1207 11.

2411 1251 2470 1263 -
2518 1221 2883 1298 Synephebi.
2938 1221 3081 1299 Opt.
3112 1242 3249 1298 gen.
3276 1242 3370 1280 or.
3402 1230 3461 1289 6,
3496 1230 3586 1285 18.
3646 1224 3722 1280 de

2402 1296 2581 1353 Fiuu.
2625 1304 2680 1360 1.
2713 1307 2769 1366 2,
2800 1301 2856 1357 4.
2907 1328 2966 1338 -
3014 1298 3241 1356 Versus
3281 1317 3360 1355 ex
3400 1298 3722 1374 Synephe-

1029 771 1199 846 gavit
1237 768 1312 827 de
1343 768 1661 828 Ciceronis
1701 766 1892 825 salute
1932 787 2068 826 cum
2096 768 2342 842 collegis

1025 863 1222 920 paene
1262 843 1565 901 omnihus.
1648 844 1797 901 Post
1834 843 1964 901 red.
2008 844 2068 900 in
2108 864 2237 900 seu.
2285 848 2341 912 9,

1027 927 1124 978 22.
1173 950 1234 961 -
1277 919 1351 977 L.
1396 919 1678 985 Caecilii,
1723 921 2032 976 iustissimi
2080 924 2345 976 fortissi-

1025 998 1229 1072 mique
1248 997 1571 1070 praetoris,
1603 1012 1766 1070 oppu
1810 1005 1947 1051 nata
1976 996 2185 1052 doinus
2217 996 2341 1052 ³1³.

1028 1070 1225 1128 Clodii
1270 1089 1307 1125 o
1353 1073 1494 1126 eris.
1572 1089 1687 1144 pro
1728 1015 1952 1127 Nfilone
1999 1076 2088 1136 ΓΙ,
2132 1076 2225 1128 ΞΗ.
2273 1104 2341 1151 ÷

1025 1147 1149 1204 Alii
1189 1148 1281 1218 (se
1351 1146 1479 1202 sine
1509 1164 1723 1202 causa:
1770 1145 1910 1213 Οιι.)
1952 1148 2181 1204 malunt
2209 1148 2267 1200 h.
2305 1148 2337 1200 l.

1029 1223 1274 1287 Caelius,
1359 1223 1453 1277 uia
1496 1223 1800 1278 Asconius
1841 1240 1972 1278 eum
2008 1224 2189 1276 Rufus
2233 1244 2341 1296 np-

1027 1296 1231 1373 pellat.
1351 1296 1640 1353 arduinus
1675 1307 1842 1372 putat
1877 1316 2008 1353 esst*
2044 1316 2197 1360 cuin,
2245 1300 2341 1372 qui

1027 1390 1060 1427 a
1108 1372 1187 1429 ud
1221 1373 1482 1429 Plinium
1511 1371 1588 1429 Η.
1614 1371 1689 1429 N.
1729 1381 1784 1440 7,
1815 1377 1911 1431 49.
1949 1384 2341 1428 uiuum-*atuh
2404 1370 2513 1429 bis.
2569 1371 2815 1429 Tuscul.
2865 1381 2919 1440 1,
2964 1376 3057 1440 14,
3100 1381 3196 1437 31.
3255 1375 3327 1432 de
3365 1374 3505 1431 Nat.
3537 1376 3613 1433 D.
3657 1385 3714 1442 1,

1086 1466 1256 1504 erum
1299 1447 1383 1504 ihi
1417 1466 1784 1523 praenomen
1823 1457 1915 1503 est
1942 1450 2064 1512 iffi,
2108 1460 2160 1500 rt
2205 1448 2341 1504 liin-i
2400 1452 2458 1513 6,
2488 1452 2580 1507 13.
2638 1445 2722 1503 Il).
2761 1453 2823 1513 3,
2866 1455 2962 1514 29,
3007 1457 3096 1508 72.
3143 1480 3204 1490 -
3249 1449 3600 1508 Ver-siculus
3639 1469 3718 1508 ex

1027 1524 1266 1600 quidam
1307 1524 1664 1598 praesertim
1707 1522 1858 1579 Edd.
1909 1522 2124 1593 (eiiam
2168 1524 2341 1576 Silii·
2404 1522 2815 1599 Synephebis;
2858 1535 2916 1581 et
2951 1524 3054 1582 alii
3078 1525 3343 1585 eiusdem
3368 1527 3526 1584 loci:
3560 1526 3714 1584 Cato

1028 1600 1243 1674 giana)
1284 1596 1507 1655 habent
1543 1600 1797 1665 Caelius,
1858 1617 2008 1673 quar.
2056 1600 2233 1652 lectio
2281 1596 2344 1652 lii.
2406 1609 2473 1665 7,
2517 1601 2590 1657 24
2629 1610 2689 1655 et
2727 1608 2796 1664 8,
2842 1605 2935 1659 25.
2994 1631 3067 1645 -
3118 1600 3241 1658 Alii
3293 1603 3421 1659 eius
3461 1620 3712 1659 versum

2446 1694 2515 1731 ro
2555 1674 2758 1732 Caelio
2813 1681 2915 1742 15,
2961 1680 3057 1735 56.
3133 1676 3286 1734 lbid.
3333 1680 3437 1744 16,
3480 1681 3574 1736 57.
3642 1676 3715 1734 de

2455 1749 2577 1806 iun.
2609 1759 2664 1817 2,
2695 1753 2752 1815 4,
2790 1753 2879 1809 15.
2926 1751 3170 1810 Tuscul.
3200 1756 3259 1817 3.
3292 1756 3387 1820 23,
3418 1756 3513 1812 56.
3557 1750 3713 1810 Ibid.

1029 1826 1145 1882 lins
1184 1824 1395 1882 Rufus.
1453 1822 1632 1899 Apud
1661 1825 1988 1881 Asconium
2032 1836 2225 1880 autem
2273 1828 2341 1880 dr
2402 1828 2460 1892 4,
2492 1830 2587 1889 52,
2620 1830 2714 1885 68.
2775 1825 2849 1882 ad
2870 1826 3034 1884 Fam.
3062 1836 3120 1892 2,
3145 1832 3202 1894 9,
3226 1836 3279 1886 2.
3313 1859 3374 1872 --
3405 1827 3710 1892 Eiusdem,

1028 1901 1238 1958 eodem
1272 1898 1408 1957 Rufi
1434 1903 1793 1976 cognomine
1822 1901 2088 1956 Caecilm
2120 1900 2345 1956 tributu
2404 1911 2470 1957 ut
2495 1900 2753 1966 videtur,
2792 1902 3209 1977 fragmentum.
3264 1904 3336 1961 de
3364 1903 3475 1961 Or.
3517 1912 3573 1972 2,
3616 1907 3712 1968 59,

1031 1978 1113 2032 ita
1160 1977 1470 2034 dumtaxat
1521 1974 1781 2032 dubitari
1877 1987 2068 2040 otest,
2128 1988 2189 2031 ut
2245 1987 2342 2028 aut
2405 1978 2532 2034 242.
2578 2006 2639 2016 -
2684 1976 2966 2034 Eiusdem
3007 1977 3293 2036 versiculi
3320 1981 3381 2037 in
3412 1978 3495 2037 Μ.
3523 1977 3716 2036 Scau-

1029 2052 1332 2108 Asconius
1359 2054 1589 2108 erroris
1619 1995 1996 2108 iusimui’etui*
2031 2064 2128 2104 aut
2156 2056 2342 2108 unet-2
2401 2070 2560 2108 rum.
2605 2050 2753 2109 Ibid.
2785 2052 2853 2109 C.
2883 2055 2975 2114 64.
3007 2060 3136 2113 257.
3166 2086 3239 2098 -
3274 2054 3561 2113 Eiusdem
3582 2054 3716 2112 for-

1071 2127 1289 2184 olatori
1354 2125 1689 2192 tribuatur,
1754 2126 1858 2183 sed
1922 2127 2096 2184 hullt-t
2164 2140 2341 2180 titiam
2405 2138 2562 2183 tasse
2595 2138 2736 2183 sunt
2758 2130 3037 2185 versiculi
3075 2131 3290 2188 comici
3322 2129 3710 2196 deOc.2,67.

1086 2202 1233 2270 ditio
1260 2204 1570 2277 princeps.
1622 2233 1681 2244 -
1727 2202 1798 2258 L.
1826 2201 2120 2260 Caecilius
2156 2204 2341 2258 Rufus
2405 2205 2534 2260 274.
2573 2233 2633 2243 -
2667 2203 2794 2260 Crr.
2829 2215 3137 2278 praeterea
3184 2224 3298 2281 pro
3328 2204 3469 2264 Sex.
3490 2204 3715 2263 Roscio

1027 2280 1144 2335 fnit
1180 2289 1428 2353 praetor
1465 2277 1536 2334 P.
1567 2278 1824 2334 Lentulo
1857 2277 2181 2353 Spinthere
2205 2320 2221 2344 .,
2265 2280 2341 2348 (J.
2406 2281 2498 2343 16,
2531 2282 2622 2339 46.
2659 2309 2717 2319 -
2763 2278 2853 2335 De
2882 2280 3031 2356 Rep.
3063 2284 3120 2351 4,
3157 2289 3246 2349 1ο,
3280 2291 3372 2341 ss.
3398 2310 3473 2325 —
3513 2280 3713 2339 Varro

1027 2353 1275 2411 Metello
1299 2353 1538 2427 Nepote
1566 2372 1750 2422 coss.,
1793 2372 1912 2430 qno
1941 2372 2100 2408 annu
2132 2356 2345 2408 [ἔπει-υ
2406 2352 2531 2410 LL.
2563 2362 2617 2421 7,
2649 2360 2703 2414 5.
2750 2375 2809 2430 p.
2841 2359 2974 2414 379.
3019 2371 3113 2400 -“
3128 2356 3422 2415 Caecilius
3458 2367 3521 2414 et
3559 2355 3713 2415 Cae-

1029 2431 1343 2486 restitutus
1396 2433 1508 2484 est.
1593 2429 1651 2484 Is
1704 2448 1842 2484 cum
1895 2430 2115 2485 faceret
2172 2428 2345 2484 ludus
2378 2429 2627 2493 miliani.
2687 2429 2883 2488 Varro
2924 2431 3046 2488 LL.
3082 2438 3139 2501 9,
3184 2436 3278 2492 42.
3317 2452 3382 2510 p.
3426 2439 3559 2496 508.

1028 2504 1447 2579 Apollinares,
1494 2505 1574 2560 ita
1627 2503 1829 2561 infima
1881 2516 2090 2560 coacta
2144 2504 2381 2560 :numa

1031 2581 1177 2636 tudo
1221 2598 1499 2637 annonae
1540 2582 1793 2636 caritate
1831 2584 2185 2636 tumultuata
2229 2592 2341 2642 εει,

1026 1673 1357 1749 probabilis
1410 1674 1770 1747 cognomine
1818 1671 1983 1740 Rufi,
2040 1676 2199 1748 quud
2253 1684 2341 1728 ιιι-,ι

1030 1750 1393 1807 Caeliorum.
1430 1749 1601 1806 Ean.
1660 1750 1810 1806 Vide
1840 1750 2028 1805 infra:
2076 1750 2156 1804 M.
2189 1752 2341 1804 Πην-

2477 2543 2552 2600 Α.
2599 2542 2905 2608 Caecum,
2953 2543 3420 2612 volaterranus,
3465 2563 3499 2599 a
3540 2543 3714 2602 Cice-

2404 2637 2624 2677 cerone
2665 2617 2939 2675 defensus
2981 2621 3146 2678 circa
3173 2640 3225 2676 a.
3253 2639 3313 2676 ιι.
3340 2638 3393 2676 c.
3422 2624 3559 2681 685.
3601 2639 3716 2696 pro

2404 2693 2661 2751 Caecina
2693 2703 2745 2759 1,
2781 2702 2833 2752 1.
2877 2705 2937 2750 et
2976 2714 3088 2770 per
3127 2706 3315 2753 totam
3354 2698 3712 2753 orationem.

2378 2798 2477 2829 1-
2518 2770 2815 2826 Caecinae
2850 2788 3052 2826 cansa.
3128 2770 3300 2828 Orat.
3336 2778 3430 2837 29,
3463 2777 3593 2831 102.
3639 2801 3714 2817 —

2405 2844 2767 2902 Caeciniana
2823 2845 3044 2913 (Tullii
3085 2849 3320 2916 oratio).
3389 2847 3461 2903 In
3500 2864 3571 2902 ea
3612 2845 3716 2905 de-

2405 2917 2598 2976 linitio
2639 2920 2864 2998 legalis.
2933 2921 3283 2979 Victorinus
3319 2921 3367 2978 l.
3408 2942 3467 2999 p.
3506 2926 3601 2983 46.
3649 2951 3711 2962 —

2404 2997 2695 3063 Caecina,
2752 2996 2920 3054 claro
2972 2999 3211 3054 homine
3262 3007 3322 3054 et
3370 2998 3514 3055 forti
3556 2999 3713 3066 viro,

2445 3072 2719 3128 lui-imum
2762 3075 2853 3128 usi
2893 3091 3120 3130 sumus.
3185 3073 3260 3131 ad
3287 3072 3452 3130 Fam.
3482 3078 3538 3141 6,
3573 3079 3629 3138 9,
3663 3081 3716 3131 1.
3751 3070 3760 3081 ’

2435 3158 2719 3203 ,ινιιεοιιιιι
2759 3147 3138 3223 disciplinam
3164 3169 3197 3205 a
3226 3160 3423 3225 patre,
3459 3147 3718 3206 nobilis-

2401 3225 2554 3279 simo
2618 3232 2794 3299 atque
2861 3243 2898 3279 o
2941 3227 3087 3283 timo
3152 3226 3325 3291 viro,
3393 3236 3715 3300 acceperat

2401 3299 2594 3355 Aulus
2636 3291 2812 3355 tilius.
2869 3243 3021 3357 Iflid.
3063 3304 3124 3370 6,
3155 3304 3211 3361 5.
3256 3328 3329 3342 -
3365 3301 3610 3357 Patrem
3636 3301 3711 3356 A.

2401 3375 2733 3441 Caecinae,
2797 3375 3075 3432 Caesaris
3128 3376 3358 3433 inimici
3410 3385 3472 3433 et
3520 3376 3712 3433 exulis

2378 3451 3513 3585 Νἓξὲξέεθνὶ-’ἕῑὲὲ.“..“ἰ..ἶ’ἕ.ἷῗιῖ.ῗὲἓὲἴ“
3547 3450 3715 3584 23?

2401 3611 2528 3657 tum
2570 3604 2684 3657 iam
2725 3610 2895 3677 patre
2936 3604 3143 3666 huius,
3191 3605 3293 3679 qui
3332 3621 3385 3660 a.
3427 3607 3559 3664 685.
3602 3605 3715 3659 mi-

1031 2731 1464 2795 consederant,
1529 2731 1914 2805 pellerentur.
2000 2732 2088 2784 [tn
2148 2752 2345 2804 uppu-

1030 2816 1212 2881 gnata
1241 2807 1420 2864 domo
1449 2824 1740 2884 nusquam
1772 2806 1963 2863 adhuc
1992 2808 2124 2880 legi.
2168 2808 2345 2860 l'fflu-

1028 2883 1200 2958 peius
1241 2893 1465 2948 tamen,
1507 2901 1643 2938 cum
1680 2881 2024 2939 defenderet
2062 2884 2341 2936 Milonem

1030 2978 1063 3012 a
1110 2957 1190 3014 ud
1216 2958 1504 3033 populum
1544 2958 1614 3014 de
1657 2960 1716 3014 vi
1754 2971 2072 3013 accusante
2108 2956 2341 3016 Gladim,

1033 2976 1286 3102 ossiecit,
1331 3044 1397 3089 ut
1431 3034 1682 3108 legimus
1722 3033 1879 3109 apud
1914 3033 2225 3096 Τινυηιιιιι,
2277 3036 2346 3108 li·-

1029 3107 1267 3166 bertum
1295 3109 1642 3175 Ciceronis,
1688 3110 1748 3164 in
1787 3107 1941 3166 libro
1976 3111 2072 3164 W.
2116 3108 2189 3164 ile
2229 3112 2345 3162 rita

1033 3185 1183 3252 eius,
1220 3202 1577 3260 oppressum
1604 3203 1636 3238 a
1665 3183 1875 3240 Clodio
1911 3183 1980 3240 L.
2020 3184 2341 3240 Caecilium

1076 3270 1394 3323 raetorum.
1452 3260 1755 3316 Asconius
1796 3262 1859 3315 in
1887 3259 2096 3316 Miluo.
2148 3280 2205 3332 p.
2249 3266 2337 3316 fffi.

1087 3335 1148 3392 d.
1186 3332 1439 3401 Baiteri.
1490 3364 1551 3375 —
1597 3333 1894 3391 Caecilius
1927 3334 2132 3392 Sullae
2160 3338 2345 3392 fratei-

1032 3407 1411 3487 snbscriptor
1458 3411 1517 3467 in
1558 3411 1943 3467 accusatione
1988 3412 2060 3464 A.
2104 3412 2372 3467 {laudini

1031 3502 1091 3544 0·
1113 3503 1179 3545 11.
1208 3504 1265 3545 c.
1294 3488 1427 3549 7ω.
1502 3485 1575 3542 ad
1604 3484 1679 3558 Q.
1713 3482 1816 3541 Fr.
1848 3490 1904 3552 3,
1938 3491 1992 3547 3,
2032 3496 2080 3544 ’.Ξ-
2136 3516 2193 3524 -
2245 3488 2345 3540 Sic

1034 3558 1455 3621 confinximus
1536 3564 1598 3618 in
1683 3579 1865 3617 unum
1945 3561 2209 3618 Ernestii
2289 3576 2345 3616 rt

1033 3632 1347 3695 Schuetzii
1374 3645 1460 3711 (p.
1481 3641 1602 3701 63.)
1632 3646 1754 3693 tres
1795 3639 2100 3694 homines:
2136 3640 2372 3696 Πκιιιςι-Ἰ
2453 3680 2460 3687 .
3114 3680 3123 3690 .
3399 3681 3406 3688 .

1031 3711 1201 3781 lium,
1244 3710 1319 3771 ί..
1364 3712 1689 3770 Caecilium
1727 3723 1788 3769 et
1826 3732 2036 3769 rursus
2084 3714 2152 3768 L.
2197 3716 2345 3772 Cae·
2404 3696 2640 3763 mamm.
2687 3677 3200 3767 q⁰⁸drage¹¹³rfl¹³
3257 3680 3473 3746 ‘uera’
3543 3697 3715 3734 ”⁸⁰¹³

1034 3787 1261 3846 cilium·
2402 3771 2533 3808 esse
2574 3753 2949 3810 Ciceronem.
3025 3753 3148 3810 Alu
3188 3765 3427 3820 contra,
3472 3764 3539 3811 ut
3564 3754 3716 3811 Pas-

1110 3864 1157 3922 C
1209 3863 1535 3920 canemus
1572 3862 1841 3919 sunus
1908 3864 2160 3920 hlfflfwr
2205 3864 2345 3916 43¹3,—
2402 3831 2658 3884 set-atius
2699 3829 2772 3886 ad
2800 3828 3196 3886 Caecinianae
3224 3831 3483 3894 initium,
3527 3829 3714 3887 Dem-

1163 3904 1177 3919 ⁶
1852 3905 1867 3929 ’
2403 3913 2623 3969 sterus,
2651 3904 2916 3981 adeoque
2939 3907 3068 3980 ipse
3090 3904 3403 3962 Ernestius
3428 3907 3490 3961 in
3512 3905 3705 3968 Clavi,

2404 3998 2559 4046 eum,
2598 3982 2767 4036 cuius
2803 3998 3043 4036 causam
3061 3979 3277 4037 Cicero
3304 3982 3448 4057 egit,
3478 3990 3538 4036 et
3565 3998 3716 4037 exu-

2404 4055 2516 4111 lem
2544 4075 2657 4131 pro
2686 4075 2805 4112 uno
2840 4054 3165 4134 eodemque
3194 4057 3434 4113 homine
3462 4054 3707 4113 habent.

1035 3939 1150 4006 lus,
1187 3949 1461 3996 mortuus
1494 3957 1550 3994 a.
1577 3958 1633 3994 ιι.
1659 3957 1712 3994 c.
1737 3932 1867 3998 586.
1924 3939 2048 3996 Cl'r.
2092 3940 2160 3996 G.
2193 3942 2345 3996 [he-

1035 4016 1158 4073 cilii
1181 4012 1358 4072 Statii
1386 4015 1456 4071 de
1503 4015 1829 4070 erditalutm
1863 4012 2197 4072 fabularum
2225 4020 2345 4072 [ra-

1033 4102 1309 4166 gmenta,
1357 4034 1543 4146 edixit
1580 4091 1650 4147 L.
1690 4088 1972 4166 Spengel.
2048 4092 2345 4148 munimini

1035 4171 1204 4228 1829.
1263 4169 1321 4225 4.
1370 4194 1432 4205 -
1477 4165 1775 4223 Caecilius
1799 4168 2060 4223 fortasse
2084 4188 2345 4224 sii-umus
2479 4170 2552 4226 Α.
2581 4169 2855 4226 Caecum
2892 4169 3057 4226 civili
3084 4167 3239 4226 bello
3267 4169 3543 4245 Pompeii
3571 4187 3714 4244 par-

1035 4246 1212 4318 poe'ta
1252 4243 1536 4297 comicus.
1606 4241 2020 4318 Opt.gen.or.
2072 4256 2122 4304 1.
2172 4252 2225 4300 Ξ.
2277 4276 2345 4288 -
2403 4258 2491 4302 tes
2531 4246 2840 4318 amplexus
2880 4245 3158 4302 Caesaris
3212 4247 3713 4302 existimationem

1036 4317 1333 4374 Caecilius
1375 4315 1603 4374 Statius
1645 4320 1702 4374 iu
1745 4331 2112 4393 argumentis:
2156 4324 2341 4392 piffltit
2402 4321 2560 4379 libro
2614 4321 3112 4377 criminosissimo
3178 4321 3551 4378 laceraverat
3615 4325 3713 4387 (nt

1033 4395 1329 4470 palmam3
1374 4394 1435 4448 iu
1477 4394 1666 4452 ethesi
1708 4393 2064 4460 Terentium
2112 4400 2168 4452 iu
2213 4416 2345 4452 scr-
2404 4401 2531 4473 ipse
2574 4397 2795 4453 fatetur
2835 4396 2909 4453 ad
2952 4396 3115 4452 Fam.
3152 4401 3211 4464 6,
3259 4406 3315 4463 7,
3359 4405 3414 4454 1.
3457 4405 3716 4450 armatus

1035 4467 1315 4528 monibus
1367 4467 1635 4525 Plautus.
1713 4469 1907 4526 Varro
1956 4472 2056 4528 Fr.
2112 4492 2168 4544 μ.
2215 4480 2341 4532 Ξῡῠ.
2402 4475 2729 4526 adversario
2772 4474 2917 4523 male
2962 4473 3088 4524 dixi
3140 4482 3198 4527 et
3250 4482 3530 4528 testatum
3570 4471 3716 4528 reli-

1031 4543 1171 4620 Bip.
1215 4575 1288 4589 —
1330 4542 1626 4602 Caecilius
1673 4546 1903 4602 Statius
1947 4551 2128 4616 Μέθῃ
2176 4548 2345 4604 [ncne
2401 4551 2532 4626 quit
2583 4546 2906 4604 Suetonius
2962 4551 3021 4603 in
3079 4549 3251 4606 Caes.
3313 4549 3381 4605 C.
3430 4547 3571 4679 752²
3624 4545 3714 4602 De

1033 4621 1314 4678 moverit.
1388 4620 1584 4678 Varro
1629 4622 1731 4678 Fr.
1789 4641 1848 4696 p.
1894 4630 2020 4680 190.
2083 4624 2217 4696 Rip.
2277 4656 2345 4668 -—
2403 4625 2516 4681 hoc
2556 4621 2746 4689 libro,
2809 4641 2985 4699 quem
3040 4627 3179 4681 ante
3221 4642 3484 4700 pugnam
3574 4623 3685 4679 har

1036 4697 1106 4755 C.
1148 4696 1340 4754 Laelii
1380 4707 1438 4754 et
1480 4697 1549 4753 Ρ.
1593 4697 1934 4772 Scipionis,
1980 4705 2100 4776 [qui
2144 4720 2345 4756 ιειηιξιιι-Ι
2403 4700 2647 4757 salicam
2686 4699 2999 4779 evolgasse
3042 4700 3311 4765 videtur,
3366 4701 3570 4775 ntique
3611 4716 3714 4755 ac-

1035 4772 1172 4830 date
1210 4771 1648 4850 loquebantur)
1703 4773 1980 4850 aequales
2024 4776 2345 4832 Caecilium
2404 4775 2745 4851 cipieudum
2784 4786 2909 4842 est,
2968 4794 3102 4832 cnm
3156 4773 3373 4832 scribit
3410 4774 3524 4850 Ep.
3565 4781 3618 4833 7.
3656 4793 3717 4826 se

1037 4857 1100 4904 et
1155 4847 1485 4909 Pacuvium
1542 4848 1694 4904 utale
1754 4851 1988 4907 locutos
2052 4852 2341 4908 ridemus.
2401 4855 2524 4905 stila·
2572 4859 2661 4904 sui
2699 4871 2914 4921 poenas
2952 4853 3091 4904 dare
3148 4861 3204 4903 et
3251 4869 3415 4903 suum
3464 4867 3717 4904 errorem

1035 4920 1208 4979 Brut.
1253 4926 1364 4991 74.
1414 4930 1546 4986 258.
1616 4954 1675 4965 -
1741 4925 2036 4984 Caecilius
2065 4928 2349 5001 Statius„
2402 4930 2577 4982 exilio
2614 4933 2853 4996 corrigi.
2937 4925 3131 4997 Quam
3176 4945 3312 4983 uam
3351 4928 3513 4984 enim
3552 4924 3718 4982 civili

1035 4995 1229 5054 malus
1256 5010 1470 5058 auctor
1496 4999 1840 5058 Latinitatis
1869 5011 1972 5060 est.
2035 5000 2176 5056 Eius
2213 5024 2345 5056 ver-
2403 5006 2603 5062 animo
2641 5004 2795 5059 hanc
2835 5003 3115 5059 iniuriam
3194 5020 3466 5060 aesarem
3503 5000 3719 5058 tulisse

1037 5070 1285 5129 siculus.
1342 5075 1418 5132 ad
1441 5077 1570 5134 Ati.
1616 5083 1673 5141 7.
1718 5080 1776 5142 5.
1822 5086 1914 5138 10.
1962 5107 2020 5117 -
2072 5076 2213 5132 Eius
2253 5080 2346 5132 di..
2404 5078 2731 5137 Suetonius
2782 5090 3248 5146 commemorat,
3313 5077 3406 5136 vel
3460 5077 3718 5134 aliorum

1037 5152 1220 5203 ctum.
1274 5146 1347 5203 de
1375 5149 1486 5208 Or.
1515 5159 1574 5219 2,
1609 5158 1701 5217 10,
1730 5155 1823 5213 40.
1862 5181 1924 5196 -
1967 5152 2345 5230 u[lucullumiun-i
2400 5164 2602 5213 tamen
2640 5172 2843 5220 causa,
2889 5154 2994 5229 qui
3033 5153 3248 5212 iisdem
3271 5156 3337 5213 in
3362 5153 3716 5229 Pompeium

1039 5237 1248 5290 senex,
1291 5237 1554 5298 persona
1578 5228 1810 5287 comica
1835 5228 1997 5306 apud
2024 5228 2350 5291 Caecilium
2399 5231 2617 5293 studiis
2673 5227 3088 5302 offenderant,
3151 5231 3527 5310 pertinacius
3575 5248 3720 5290 snc-
