4367 6084
851 626 905 696 ru.
926 620 1130 697 surmus
1147 620 1343 707 'omero
1379 588 1385 625 ¹
1697 632 1759 703 sos

423 788 472 829 me
485 771 647 828 coniectos
673 786 738 827 esse
764 761 932 827 arbitrarer
941 790 964 837 3*
979 781 1013 827 ut
1030 788 1078 828 mc
1106 769 1249 849 quidquid
1269 780 1366 839 esset,
1387 787 1454 830 esse
1472 773 1636 848 perfectum
1655 786 1686 836 et
1703 778 1759 836 bs·

423 856 675 978 quaesturamqpe
695 863 791 902 meam
818 846 903 922 quasi
925 848 957 902 in
976 846 1078 922 aliqu'o
1106 844 1179 903 bere
1217 848 1418 904 maturitatem
1453 849 1601 926 quandam
1637 855 1760 913 suem.”

422 936 575 980 terrarum
594 939 630 977 or
652 923 677 977 is
697 922 813 978 theatro
834 924 951 978 uersari
974 924 1078 978 existi·
1106 921 1192 979 Brut.
1212 928 1260 988 92,
1281 927 1347 984 618.

421 1010 554 1064 marem}
585 1008 618 1053 ut
642 1014 760 1071 semper
787 1000 905 1063 omnia,
934 998 1078 1072 quaein·
1144 999 1181 1053 A.
1203 1016 1233 1054 u.
1256 1015 1283 1054 c.
1307 997 1373 1059 684.
1404 994 1647 1061 aan‘xxxvn.
1687 1006 1760 1078 ,Me

421 1075 523 1132 cunda
544 1091 609 1129 esse
630 1073 782 1136 videntur,
805 1091 838 1128 ea
854 1091 917 1128 non
930 1072 1018 1128 modo
1032 1073 1078 1128 his
1107 1072 1231 1130 aedilem
1250 1075 1381 1148 priorem
1396 1077 1513 1131 cunctis
1532 1074 1625 1135 suffra
1650 1080 1684 1137 'is
1702 1100 1761 1158 po-
1875 1117 1879 1123 ·

421 1149 674 1206 extraordinariis
685 1138 907 1222 cupiditatibus,
923 1148 975 1204 sed
990 1149 1077 1204 etiam
1106 1148 1195 1222 pulus
1215 1148 1367 1206 Romanus
1387 1146 1545 1206 faciebat.”
1572 1152 1602 1211 iu
1642 1157 1761 1227 is.1‚2.

414 1228 432 1282 ,ι’
456 1228 483 1282 si
497 1235 621 1281 naturae
635 1243 669 1279 ac
684 1224 853 1280 necessitati
873 1223 1078 1297 denegarem.”
1107 1254 1144 1266 -
1163 1264 1183 1295 ‚,
1191 1223 1280 1279 Nunc
1297 1242 1362 1280 snm
1376 1223 1549 1301 designatus
1563 1227 1684 1285 sedilis:
1705 1233 1760 1288 ha·

453 1320 514 1356 err.
536 1305 564 1366 5,
587 1304 633 1365 lt,
655 1305 701 1359 35.
722 1329 759 1344 -
778 1298 868 1369 ,Nou
888 1317 1012 1366 vereor,
1041 1317 1078 1354 nc
1105 1297 1163 1354 beo
1183 1300 1341 1365 rationem,
1366 1299 1437 1374 quid
1457 1319 1474 1356 a
1493 1302 1606 1375 populo
1625 1303 1760 1363 Romano

423 1379 492 1454 quis
517 1375 625 1431 audeat
651 1374 767 1442 dicere,
798 1374 887 1430 ullius
917 1376 947 1429 in
975 1374 1076 1431 Sicilia
1107 1376 1292 1449 acceperim:
1328 1375 1402 1431 mibi
1436 1375 1522 1432 ludos
1555 1380 1760 1440 sanctissimos

423 1463 616 1528 quaesturam
644 1461 693 1505 aut
714 1451 871 1506 clariorem
895 1460 945 1505 sut
964 1451 1079 1527 gratio-
1107 1451 1235 1505 maxima
1263 1468 1330 1506 cunr
1354 1468 1426 1515 cura
1453 1463 1484 1509 et
1502 1454 1683 1511 caerimonia
1702 1455 1761 1517 Ce-

421 1546 490 1585 rcsu
515 1528 618 1584 inisse.
659 1525 738 1582 Vere
761 1525 928 1581 mehercule
952 1527 1008 1582 boc
1032 1525 1079 1579 di·
1107 1525 1180 1590 reri,
1193 1522 1304 1581 Libero
1315 1523 1501 1604 Liberaeque
1511 1528 1675 1598 faciendos,
1686 1531 1760 1589 milti

423 1620 509 1660 came
534 1604 580 1660 sic
599 1612 662 1657 tum
681 1599 904 1667 existimabam,
931 1600 1004 1656 nihil
1024 1602 1079 1657 ho·
1105 1600 1224 1656 Floram
1245 1612 1370 1657 matrem
1395 1620 1434 1676 po
1457 1602 1507 1659 ulo
1531 1601 1672 1681 plebique
1698 1604 1761 1664 llo-
1816 1630 1819 1637 ·

421 1680 521 1736 mines
539 1676 621 1733 aliud
640 1674 752 1733 llomae
777 1677 837 1732 nisi
862 1675 897 1731 de
917 1687 1078 1752 quaestura
1106 1693 1211 1731 manae
1230 1676 1366 1732 ludorum
1380 1621 1551 1735 celebritate
1572 1679 1759 1754 placandam,

421 1770 489 1810 mes
508 1752 601 1828 loqui.
636 1752 791 1808 Frumenti
811 1751 843 1807 in
863 1769 977 1807 summa
998 1753 1077 1807 cari·
1107 1751 1179 1807 mibi
1202 1750 1289 1809 ludos
1316 1754 1557 1838 antiquissimos,
1588 1757 1640 1832 qni
1668 1759 1759 1832 primi
1846 1768 1862 1791 ⁶

422 1842 484 1886 tate
503 1831 665 1884 maximum
681 1845 836 1883 numerum
851 1830 1001 1893 miseram,
1024 1844 1078 1882 ne·
1107 1825 1233 1882 Romani
1252 1827 1393 1902 appellati
1412 1839 1498 1896 sunt,
1525 1848 1594 1887 cnm
1613 1831 1759 1907 dignitate

420 1902 623 1982 gotiatoribus
633 1900 965 1968 comis,mereatoribns
974 1903 1079 1969 iustus,
1107 1904 1234 1957 maxima
1255 1913 1285 1958 et
1304 1901 1449 1979 religione
1470 1904 1551 1972 lovi,
1572 1902 1682 1965 lunoni
1700 1906 1760 1967 tti-

422 1976 614 2056 maueipibus
633 1976 777 2045 liberalis,
801 1980 892 2034 sociis
911 1976 1076 2041 abstinens,
1109 1995 1219 2033 nervae
1242 1994 1278 2032 ne
1298 1995 1364 2034 esse
1381 1978 1549 2047 iaciendos,
1571 1982 1643 2038 mihi
1657 2000 1762 2041 sama-
1873 1990 1879 2001 ¹

424 2050 564 2112 omnibus
579 2072 661 2110 eram
679 2055 761 2109 visus
778 2054 809 2110 in
825 2055 907 2109 omni
921 2050 1022 2110 officio
1036 2054 1078 2109 di·
1108 2070 1173 2107 rum
1188 1996 1304 2108 aedium
1336 2057 1568 2123 montionem,
1582 2058 1654 2114 mibi
1666 2069 1760 2116 totam

421 2131 657 2206 ligentissimus:
680 2131 840 2202 excogitati
859 2127 977 2205 quidam
993 2138 1080 2185 erant
1107 2125 1212 2184 urbem
1232 2072 1372 2184 tuendam
1398 2146 1463 2186 esse
1489 2132 1693 2191 commissams
1720 2133 1760 2193 ob

423 2227 441 2262 a
458 2204 567 2263 Siculis
587 2205 717 2261 honores
735 2206 766 2261 in
780 2223 826 2261 me
841 2204 996 2262 inauditi.”
1023 2223 1078 2279 pro
1107 2221 1210 2259 earnm
1224 2221 1325 2260 rerum
1339 2201 1473 2261 laborem
1488 2217 1517 2263 et
1529 2205 1761 2266 sollicitudiuem

422 2282 530 2339 Plane.
550 2285 598 2347 26,
618 2283 666 2340 64.
1106 2278 1222 2335 fructus
1242 2278 1311 2334 illos
1332 2279 1428 2346 datos,
1451 2284 1650 2358 antiquiorem
1666 2286 1698 2340 in
1712 2303 1762 2342 se-

462 2359 499 2413 Α.
508 2375 540 2412 u.
549 2376 576 2412 c.
586 2360 651 2416 680.
663 2353 872 2411 aet.XXXlll.
885 2355 908 2411 E
920 2355 1077 2430 provincia
1107 2365 1179 2409 natu
1194 2358 1360 2411 sententiae
1374 2354 1517 2413 dicendae
1529 2358 1639 2426 locum,
1660 2370 1761 2432 togam

422 2430 529 2491 Sicilia
557 2433 635 2502 ⁷,bac
655 2449 707 2507 spe
728 2429 924 2497 decedebam,
955 2443 988 2486 ut
1007 2431 1079 2487 mibi
1107 2439 1304 2503 praetextam,
1327 2429 1432 2486 sellam
1451 2433 1594 2500 curulem,
1618 2436 1666 2492 ins
1684 2436 1763 2493 ima·

421 2509 566 2583 populum
588 2506 753 2563 Romanum
774 2507 854 2562 ultro
874 2508 972 2563 omnia
997 2505 1077 2561 dela·
1108 2506 1187 2579 ginis
1218 2504 1256 2559 ad
1289 2497 1462 2563 rn'emoriam
1495 2511 1761 2589 posteritatemque

421 2593 686 2658 turumpntarcm.
714 2583 822 2656 Atego
843 2599 909 2637 cum
930 2581 1078 2638 casudie·
1108 2579 1314 2653 prodendae.”
1338 2578 1426 2636 Verr.
1439 2586 1466 2650 5,
1479 2585 1526 2648 tl,
1540 2587 1640 2644 36.-
1656 2584 1761 2659 „Cum

422 2657 480 2717 bus
500 2661 554 2726 iis,
577 2659 694 2714 itineris
714 2658 844 2714 faciendi
863 2676 969 2722 causa,
991 2656 1079 2712 dece·
1107 2673 1202 2710 essem
1224 2658 1255 2710 in
1275 2653 1411 2728 plurimis
1432 2659 1531 2713 causis
1552 2669 1581 2714 et
1600 2660 1630 2715 in
1644 2663 1762 2736 princi-

422 2734 498 2790 deos
518 2752 534 2790 e
555 2733 728 2809 provincia,
758 2732 900 2789 Puteolos
926 2733 1004 2789 sorte
1027 2749 1079 2788 ve·
1107 2726 1194 2805 pibus
1215 2730 1351 2804 patronis
1365 2732 1600 2807 quinquennium
1613 2736 1677 2792 fere
1691 2755 1763 2794 vcr-

422 2812 564 2875 nisscm„
585 2828 651 2866 cum
671 2807 792 2883 plurimi
821 2821 850 2864 ct
870 2808 1027 2864 lautissimi
1047 2809 1078 2863 in
1107 2815 1200 2872 satus,
1221 2815 1285 2860 tum
1307 2806 1337 2860 iu
1351 2809 1518 2879 patrocinio
1532 2808 1683 2867 Siciliensi
1696 2831 1762 2868 ms-

422 2887 461 2942 iis
481 2885 556 2941 locis
575 2885 674 2941 solent
686 2902 765 2939 esse:
792 2884 908 2940 concidi
924 2902 1011 2958 pene,
1034 2885 1079 2940 iu·
1107 2884 1185 2937 xime
1206 2881 1237 2935 iu
1258 2890 1409 2936 certamen
1430 2885 1499 2938 veni
1519 2883 1693 2955 designatus
1706 2904 1760 2943 ac-

423 2961 524 3024 diccs,
547 2978 614 3016 cum
634 2979 671 3016 ex
691 2978 738 3015 me
759 2959 879 3035 qnidam
900 2961 1075 3035 quaesisset,
1107 2958 1176 3013 dilis
1187 2954 1420 3028 cumdesignato
1433 2961 1556 3013 consule
1566 2957 1760 3018 Hortensio.”

422 3054 483 3113 qno
505 3036 552 3091 die
573 3034 665 3093 Roma
686 3038 824 3101 exissem,
850 3046 880 3090 et
899 3053 970 3090 num
991 3034 1078 3111 quid-
1106 3032 1193 3089 Brut.
1218 3034 1271 3097 92,
1294 3037 1360 3090 819.
1388 3062 1415 3074 -
1448 3031 1572 3090 Scilicet
1595 3035 1652 3092 boc
1679 3055 1759 3093 anuo

421 3129 493 3168 nam
514 3122 594 3167 esset
612 3113 696 3167 novi.
736 3110 792 3168 Cui
811 3128 880 3166 cnm
902 3109 1077 3185 respondis·
1107 3106 1142 3164 G.
1158 3105 1270 3163 Verres
1290 3125 1307 3162 s
1326 3104 1447 3172 Siculis,
1468 3111 1520 3185 qui
1539 3119 1663 3184 praetor
1680 3113 1760 3168 inea

421 3205 497 3252 sem,
510 3204 630 3243 memes
640 3188 796 3261 prouincia
806 3184 968 3243 decedere:
982 3185 1078 3238 Etiam
1107 3184 1264 3258 prouincia
1284 3193 1349 3238 erat
1374 3180 1550 3252 libidinose,
1577 3203 1668 3243 avare
1687 3205 1760 3244 cru-

422 3263 588 3327 melrercum
610 3264 717 3338 inquit,
739 3271 770 3312 ut
784 3269 893 3333 opinor,
910 3281 946 3313 ea
960 3258 1075 3332 Africa.
1107 3257 1270 3334 deliterque
1289 3267 1427 3314 versatus
1447 3261 1681 3335 repetundarum
1704 3281 1760 3337 po-

422 3337 502 3394 Huic
528 3356 583 3411 ego
610 3339 669 3393 iarn
693 3338 883 3393 stomachans
906 3336 1076 3392 fastidioser
1108 3333 1234 3390 stolatus
1254 3343 1314 3400 est;
1336 3351 1429 3409 eaque
1450 3339 1602 3394 accusatio
1622 3336 1760 3396 adCice-
1866 3374 1869 3383 ·

420 3415 511 3466 Immo
529 3433 566 3465 ea
580 3416 686 3478 Sicilia,
707 3415 838 3489 inquam.
867 3411 1078 3488 'l'umquidsm
1107 3427 1212 3466 runem
1233 3406 1340 3464 delata.
1381 3408 1456 3467 Cum
1476 3423 1574 3468 autem
1595 3412 1632 3486 Q.
1653 3412 1761 3471 Caeci-

421 3489 517 3574 qnasi.
530 3491 581 3565 qui
601 3490 700 3544 omnia
721 3490 833 3544 scirctr
864 3489 959 3558 Quid?
979 3498 1010 3539 tu
1028 3506 1078 3538 ne·
1108 3485 1164 3541 lius
1179 3484 1282 3558 Niger,
1305 3482 1435 3550 Siculus,
1457 3489 1508 3563 qui
1528 3499 1670 3564 quaestor
1682 3488 1760 3545 Ver-

419 3571 487 3628 acis,
509 3564 622 3639 inquit,
645 3564 716 3616 lanc
733 3574 910 3633 quaestorem
930 3565 1079 3634 Syracusis
1108 3563 1150 3616 ris
1170 3561 1276 3625 luerat,
1297 3577 1329 3615 se
1348 3562 1448 3634 potius
1465 3576 1671 3621 accusatorem
1683 3582 1760 3621 con·
1838 3589 1854 3616 ·.

415 3641 535 3713 sitisse?
561 3637 640 3710 Quid
653 3638 766 3695 multa?
781 3639 882 3694 destiti
896 3639 1078 3695 stomachari
1107 3637 1190 3692 stitni
1201 3645 1340 3709 oportere
1352 3636 1558 3707 contenderet,
1571 3637 1678 3696 Cicero
1691 3658 1760 3698 eum

422 3726 453 3771 et
473 3732 519 3771 me
540 3733 630 3769 unum
651 3732 689 3770 ex
709 3717 746 3769 iis
765 3714 841 3781 feci,
864 3716 915 3789 qui
934 3713 970 3769 ad
986 3731 1079 3789 aquas
1107 3712 1255 3776 oratione,
1275 3727 1350 3786 quae
1363 3710 1545 3766 divinarum
1558 3715 1594 3785 Q.
1609 3716 1759 3770 caesum

420 3793 587 3847 venissent.
628 3789 687 3846 Sed
714 3808 747 3844 ea
774 3807 823 3845 res
848 3789 929 3852 ‚baud
956 3789 1019 3845 seio
1040 3807 1077 3843 an
1108 3786 1228 3849 dieitur,
1243 3787 1326 3841 vicit.
1348 3785 1425 3842 Tum
1436 3805 1501 3844 cum
1516 3786 1573 3846 sibi
1588 3791 1760 3867 inquirendi

420 3866 519 3941 pluris
539 3866 610 3920 mibi
630 3867 740 3931 luerit,
770 3884 858 3940 quam
879 3867 903 3919 si
924 3866 994 3920 mihi
1015 3875 1076 3920 tum
1108 3880 1198 3918 causa
1219 3854 1241 3916 C
1262 3871 1291 3916 ct
1310 3859 1340 3916 X
1360 3860 1423 3917 dics
1443 3864 1473 3918 in
1495 3862 1627 3923 Siciliam
1648 3879 1758 3942 postu-

421 3951 523 3998 essent
549 3958 652 3997 omncs
680 3941 830 4014 gratulati.
870 3940 946 3996 Nam
973 3950 1076 4016 postca
1104 3939 1195 3994 lasset
1215 3935 1757 4012 (Verr.Act1,‘.’‚6.)etunacuinL.

421 4034 512 4092 quam
538 4020 621 4077 sensi
638 4016 742 4091 populi
762 4016 890 4072 Romani
917 4034 1005 4071 aures
1027 4017 1078 4071 be·
1108 4013 1254 4071 Cicerone
1273 4011 1367 4068 fratre
1382 4016 1515 4088 patruele
1529 4025 1621 4073 totam
1635 4020 1759 4093 proriu-

418 4091 571 4155 betiorcs,
596 4092 698 4148 oculos
719 4103 816 4148 autem
838 4108 903 4147 esse
923 4109 1009 4147 acres
1031 4102 1077 4145 st·
1107 4092 1183 4145 ciam
1204 4086 1379 4161 colligendis
1398 4088 1507 4146 litteris
1533 4091 1564 4146 in
1584 4093 1710 4150 Verrem
1729 4101 1759 4148 et

418 4184 479 4244 que
500 4176 621 4235 acutos,
653 4166 752 4224 destiti
778 4164 848 4243 quid
869 4164 904 4221 de
924 4184 971 4223 me
991 4164 1077 4222 audi·
1107 4160 1318 4220 denuntiandis
1349 4166 1529 4222 testimoniis
1556 4176 1755 4243 peragrasset,

417 4243 483 4300 turi
504 4253 605 4298 essent
624 4244 759 4329 bomiues
779 4244 929 4316 cogitem
951 4243 1025 4328 ieci,
1044 4251 1079 4296 ut
1107 4239 1230 4325 Romam
1246 4255 1404 4303 reversus,
1426 4257 1492 4296 cum
1513 4241 1629 4335 videret
1640 4241 1677 4328 ¹id
1697 4244 1758 4372 api,

418 4314 1078 4467 ¹:231?retribuisti?‘ssbt‘flltz
1106 4312 1760 4469 titillatu&tttllnltltdsz

419 4471 571 4526 neminem
593 4487 610 4523 a
630 4485 795 4542 congressu
822 4485 888 4524 meo
915 4484 1011 4543 neque
1034 4468 1078 4521 ia·
1107 4467 1182 4520 sitor
1196 4461 1231 4517 de
1245 4461 1429 4536 repetundis,
1451 4465 1618 4542 ceterisque
1632 4472 1681 4543 qui
1695 4477 1758 4524 tum

419 4547 504 4603 nitor
523 4562 606 4601 meus
633 4561 729 4619 neque
756 4560 879 4599 somnus
902 4540 1075 4599 absterruit.
1107 4548 1194 4595 eraut
1213 4534 1377 4606 iudicibus,
1409 4541 1439 4595 in
1459 4558 1569 4597 anuum
1588 4545 1759 4617 proximum

419 4619 538 4696 Ecquid
566 4636 621 4693 ego
647 4619 743 4674 dicam
771 4617 807 4673 de
830 4620 984 4693 occupatis
1003 4617 1077 4673 meis
1106 4612 1291 4678 differretur,
1311 4610 1363 4671 ubi
1376 4614 1451 4671 alius
1464 4624 1597 4691 praetor,
1618 4619 1668 4675 alii
1681 4620 1759 4675 iudi-

419 4692 625 4770 temporibus,
657 4695 705 4748 cui
731 4693 821 4749 fuerit
841 4711 878 4749 nc
898 4695 991 4749 otium
1011 4692 1078 4767 qui·
1107 4707 1167 4756 ces,
1189 4685 1386 4764 consulesque
1405 4690 1499 4747 futuri
1512 4703 1612 4748 esseut
1625 4692 1759 4750 Horten-

421 4771 490 4829 dem
510 4787 641 4846 unquam
662 4768 815 4824 otiosum?
855 4769 931 4824 Nam
951 4786 1025 4845 quas
1046 4777 1077 4822 tu
1107 4767 1168 4822 sius
1187 4774 1216 4820 et
1236 4761 1390 4830 Metellus,
1418 4767 1469 4842 qui
1490 4765 1579 4823 Verri
1604 4768 1776 4839 favebant,

421 4861 657 4908 commemoras,
680 4840 782 4909 Cassi,
811 4842 909 4920 legere
930 4854 958 4899 te
978 4841 1076 4899 solere
1106 4842 1184 4897 hauc
1203 4842 1349 4896 rationem
1369 4841 1446 4909 iniit,
1468 4852 1500 4897 ut
1519 4853 1663 4918 perpetua
1684 4863 1758 4902 ore-

421 4923 593 4987 orationes,
625 4936 692 4975 cum
718 4921 832 4974 otiosus
859 4922 919 4974 sis:
949 4919 1002 4975 has
1022 4934 1077 4989 ego
1107 4919 1188 4972 tione
1227 4915 1436 4991 praetermissa
1468 4915 1593 4975 Verrem
1629 4918 1755 4989 tabulis,

421 4997 536 5070 scripsi
554 4995 632 5053 ludis
651 5003 681 5051 et
700 4993 795 5056 feriis,
819 5012 855 5049 ue
873 4995 994 5049 omnino
1012 5011 1077 5048 um-
1107 4990 1249 5055 testibus,
1279 4990 1405 5123 privatis
1434 4988 1620 5070 publicisque
1649 4996 1757 5055 litteris

423 5089 514 5149 quam
534 5090 628 5129 essem
650 5068 795 5127 otiosus.”
829 5086 885 5144 pro
901 5068 1005 5125 Planc.
1027 5075 1074 5134 26,
1107 5068 1277 5125 auctoritati
1299 5083 1392 5142 usque
1403 5079 1569 5135 accusaret,
1581 5071 1757 5149 singulaque

422 5152 472 5209 65.
487 5152 574 5215 -27,
595 5152 641 5208 86.
682 5145 780 5219 „Cum
801 5162 817 5200 e
837 5144 939 5202 Sicilia
962 5162 1008 5200 me
1028 5161 1079 5200 rc·
1107 5144 1231 5200 crimina
1251 5153 1342 5199 testes
1362 5143 1577 5219 interrogando
1596 5164 1758 5224 argumen-

424 5224 593 5302 capissem,
619 5226 678 5282 iam
696 5219 857 5282 videbatur
876 5218 948 5280 illud
967 5221 999 5279 in
1018 5237 1076 5292 me,
1105 5222 1146 5278 tis
1171 5228 1201 5277 et
1227 5216 1314 5277 brevi
1342 5220 1478 5277 oratione
1506 5217 1649 5283 firmaret.
1690 5223 1757 5298 Qua
