4367 6084
503 628 567 701 tot
929 569 1208 690 menemus
1232 566 1424 687 crosno.

497 786 594 842 retur,
616 769 749 845 nihilque
763 768 939 824 intentatum
954 763 1149 839 relinqueret,
1180 761 1312 837 perisset
1337 759 1372 817 P.
1396 758 1557 817 Lentulum
1582 755 1693 819 Suram
1719 756 1840 838 legatos

375 887 380 897 ·
499 852 607 912 Cicero
627 866 665 903 ex
685 844 765 904 SCto
788 841 885 916 legem
909 839 979 896 tulit
998 839 1037 896 ad
1056 856 1154 914 popu·
1181 834 1380 910 Allobrogum
1391 832 1463 892 belli
1473 835 1671 912 Transalpini
1683 846 1714 894 et
1726 836 1842 896 tumel-

498 930 577 994 lum,
608 933 641 978 nt
665 921 702 976 ad
749 934 855 974 oenarn
880 913 1008 973 ambitus
1034 914 1154 971 crimini
1180 922 1229 968 tus
1244 910 1354 968 Gallici
1373 911 1634 989 excitandieausa
1648 911 1842 982 sollicitasse,

499 1001 692 1062 constitutam
720 938 823 1050 decem
848 1008 996 1047 annorum
1017 989 1154 1047 exsilium
1183 1005 1293 1063 eosque
1314 988 1346 1042 in
1365 986 1494 1045 Galliam
1512 986 1551 1045 ad
1569 1006 1640 1045 suos
1659 990 1763 1055 cives,
1787 1004 1842 1047 ee·

500 1077 676 1137 adderetur;
698 1067 786 1125 simul
805 1068 861 1124 hac
882 1066 947 1142 lege
967 1067 1092 1122 vetitum
1110 1073 1157 1120 est
1183 1064 1308 1139 demque
1328 1063 1438 1121 itinere
1458 1080 1527 1121 cun
1545 1062 1654 1122 litteris
1672 1064 1843 1122 mandatis-

498 1149 639 1213 bienuio,
670 1161 729 1218 quo
773 1145 820 1198 uis
846 1150 942 1215 petat,
968 1144 1155 1216 petiturnsve
1184 1157 1240 1214 que
1261 1137 1297 1194 ad
1312 1136 1472 1195 Catilinam
1489 1140 1688 1207 essemissos,
1709 1142 1841 1217 itemque

500 1230 551 1293 sit,
567 1162 843 1298 gladiatoreabare,
858 1218 917 1273 uisi
929 1235 967 1273 ex
977 1226 1155 1273 testamento
1185 1216 1220 1270 iis
1249 1214 1422 1271 adiunctum
1448 1232 1514 1272 esse
1533 1214 1724 1273 Volturcium
1752 1225 1843 1292 etque

498 1299 677 1380 praestituta
703 1293 760 1351 die.
780 1346 781 1351 ,
798 1294 829 1350 in
850 1291 950 1350 Vatin.
970 1297 1022 1358 15,
1045 1297 1091 1363 57.
1123 1319 1153 1330 -
1185 1290 1253 1346 huic
1274 1288 1359 1346 datas
1379 1307 1445 1345 esse
1472 1290 1508 1346 ad
1529 1288 1689 1349 Catilinam
1709 1291 1841 1359 litteras,

499 1406 539 1423 ..
557 1374 635 1430 Tum
655 1387 723 1426 cum
742 1369 861 1427 comitia
882 1368 1054 1423 consularia
1074 1364 1155 1422 indi·
1185 1365 1292 1422 Cicero
1312 1364 1348 1420 L.
1370 1364 1493 1422 Valerio
1513 1365 1622 1423 Flacco
1642 1377 1673 1423 et
1692 1365 1729 1424 C.
1752 1366 1845 1424 Pom-

500 1463 548 1510 cta
562 1455 663 1504 essent
678 1447 790 1501 inante
804 1444 882 1500 diem
895 1441 965 1499 ΧΠ.
980 1442 1046 1499 Kal.
1062 1442 1154 1506 Nom,
1184 1440 1281 1516 ptinio
1301 1438 1493 1515 praetoribus
1504 1442 1683 1517 imperauit,
1707 1450 1743 1497 ut
1761 1442 1846 1518 lega·

434 1562 438 1576 .
501 1527 609 1586 Cicero
635 1519 732 1597 pridie
759 1518 794 1575 de
822 1519 1030 1574 coniuratione
1053 1515 1157 1575 Catili·
1186 1526 1232 1571 tos
1257 1514 1457 1593 Allobrogum
1482 1516 1520 1573 ad
1567 1514 1673 1575 ont'em*
1692 1516 1846 1576 Mulvium

499 1618 558 1658 nae
585 1596 623 1654 sd
649 1591 786 1652 senatum
804 1592 931 1649 rettulit.
968 1594 1091 1650 Factum
1112 1602 1157 1647 est
1185 1591 1486 1667 comprehenderent.
1550 1605 1579 1650 ta
1622 1611 1638 1650 e
1670 1612 1698 1649 a.
1728 1592 1762 1650 d.
1789 1592 1844 1650 IV.

501 1675 631 1735 sctum:
653 1667 955 1744 uiderentcousules,
972 1686 1009 1725 ne
1044 1667 1156 1724 nidres
1185 1666 1266 1723 Non.
1288 1666 1449 1725 Decembr.
1469 1670 1559 1724 tertia
1594 1687 1644 1726 ere
1664 1669 1771 1746 vigilia
1791 1687 1847 1726 ex·

500 1749 620 1828 publica
649 1745 821 1802 detrimenti
847 1754 979 1817 caperet.
1020 1687 1157 1801 Comitiis
1186 1753 1264 1809 octa,
1286 1761 1354 1799 cum
1374 1745 1432 1799 iam
1451 1753 1573 1818 pontem
1592 1743 1682 1820 legati
1694 1741 1846 1801 Allobro-

459 1820 467 1835 '
501 1819 712 1883 consularibus
728 1818 858 1875 Catilina
880 1821 987 1875 iterum
1007 1818 1155 1894 repulsam
1186 1835 1256 1892 gum
1280 1817 1398 1895 ingredi
1418 1820 1751 1896 inciperent,'uuaque
1772 1819 1847 1876 Vol-

501 1900 586 1966 tulit,
611 1892 785 1953 consulibus
806 1897 917 1950 creatis
938 1894 975 1951 D.
997 1895 1083 1951 lunio
1104 1891 1158 1949 Si·
1185 1895 1319 1961 turcius,
1347 1891 1381 1951 fir
1408 1895 1439 1950 iu
1459 1912 1510 1950 eos
1531 1896 1570 1951 im
1593 1906 1679 1963 etus,
1708 1895 1844 1962 litterae,

501 1977 572 2034 lano
598 1983 628 2028 et
652 1972 689 2027 L.
710 1968 831 2026 Licinio
850 1969 988 2026 Murena.
1028 1968 1156 2027 Catilina
1187 1986 1380 2045 quaecunque
1399 1979 1485 2026 erant
1505 1972 1536 2026 in
1554 1914 1606 2027 ttL
1619 1972 1778 2038 comitatu,
1798 1973 1848 2028 in·

500 2052 677 2108 coniuratos
697 2055 790 2101 noctu
816 2047 848 2101 in
868 2044 909 2100 Μ.
933 2044 1048 2102 Laecae
1068 2044 1158 2100 domo
1185 2046 1279 2120 tegris
1305 2046 1419 2121 signis,
1449 2045 1640 2120 praetoribus
1667 2046 1845 2113 traduntur,

487 2119 608 2182 'adesse
628 2122 732 2187 iussit;
754 2117 796 2176 ibi
816 2118 969 2176 distribuit
981 2129 1082 2196 partes
1097 2118 1159 2174 lta·
1187 2122 1246 2194 ipsi
1264 2120 1443 2195 deprehensi
1462 2121 1499 2177 ad
1520 2122 1674 2190 consulem
1687 2121 1847 2179 deducun-

501 2200 577 2267 liae;
609 2198 715 2253 statuit
742 2213 802 2271 quo
831 2214 976 2272 quemque
1005 2192 1158 2270 proficisci
1187 2209 1247 2254 tur.
1275 2195 1319 2252 Ita
1340 2196 1486 2271 patefacta
1505 2197 1612 2254 horum
1629 2195 1846 2254 indiciiseou-

502 2276 652 2351 placeret;
674 2270 784 2346 delegit
796 2289 872 2347 quos
886 2271 997 2327 Romae
1009 2270 1159 2347 relinque·
1188 2273 1346 2338 iuratione,
1367 2273 1430 2329 eius
1450 2273 1604 2347 principes
1625 2271 1737 2329 Cicero
1758 2271 1847 2329 adse

501 2361 566 2417 ret,
595 2365 670 2425 quos
690 2363 791 2402 seeum
811 2346 968 2416 educeret,
1000 2346 1160 2420 descripsit
1188 2349 1291 2405 venire
1312 2349 1409 2415 iussit,
1431 2359 1566 2404 senatum
1586 2349 1617 2404 in
1633 2346 1748 2404 >aedem
1763 2346 1847 2405 Con·

502 2424 587 2482 urbis
607 2433 709 2498 partes
729 2421 766 2476 ad
786 2422 943 2489 incendia;
967 2419 1160 2478 confirmavit
1188 2423 1308 2481 cordiae
1327 2424 1462 2491 vocavit;
1485 2441 1549 2479 rem
1569 2440 1687 2480 omnem
1702 2422 1846 2479 introdu-

503 2495 1160 2632 laelipsupibiiuppseps:pipplitpipumupodriprptppppld
1188 2502 1244 2555 ctis
1277 2496 1427 2630 ilndtieibdues
1456 2501 1612 2573 exposuit,
1646 2508 1846 2631 selplatumqup

504 2593 613 2711 craipppo
626 2594 767 2705 discreta
783 2593 989 2722 Repertinsluut
1003 2614 1063 2705 dud
1074 2592 1160 2724 dlqui·
1188 2593 1261 2707 leigii
1263 2592 1414 2725 1bibbdeet.
1437 2592 1671 2708 s'ifflbxrgfibd
1682 2592 1846 2716 Llectitdbtdls,

502 2736 549 2783 tes
571 2725 714 2790 Romani,
743 2725 794 2798 qui
821 2742 887 2780 sese
915 2722 964 2779 illa
986 2726 1051 2799 ipsa
1072 2734 1159 2779 nocte
1189 2725 1354 2801 Cethegus,
1377 2723 1529 2791 Statilius,
1550 2724 1698 2783 Gabinius
1719 2736 1750 2782 et
1770 2723 1848 2783 Cae·

525 2800 605 2857 anllo
632 2808 700 2855 ante
726 2798 823 2854 lucem
843 2798 1020 2856 Ciceronem
1046 2802 1077 2855 iu
1105 2816 1159 2855 suo
1188 2803 1291 2876 parius
1312 2803 1342 2856 in
1362 2801 1526 2858 custodiam
1544 2801 1662 2867 traditi,
1684 2800 1847 2859 Ciceronis

503 2820 614 2934 Lentulo
628 2873 838 2931 interfecturos
852 2875 1078 2948 pollicerentur.
1110 2875 1161 2930 Ci-
1189 2888 1287 2933 autem
1306 2878 1427 2932 nomine
1446 2875 1626 2952 supplicatio
1646 2876 1704 2935 diis
1723 2876 1847 2933 decreta

504 2970 576 3009 cero
596 2970 651 3025 per
671 2949 808 3005 Fulviam
834 2950 870 3006 de
890 2969 926 3006 eo
946 2951 1072 3008 consilio
1093 2969 1160 3007 cer·
1190 2962 1250 3019 est,
1271 2950 1351 3084 quod
1371 2948 1477 3008 urbem
1495 2952 1661 3019 incendiis,
1683 2951 1777 3009 caede
1797 2953 1847 3008 ci-

503 3029 565 3085 tior
592 3027 707 3089 lactus,
738 3025 859 3081 domum
888 3045 971 3082 suam
996 3025 1161 3082 maioribus
1187 3044 1253 3096 ves,
1290 3027 1389 3083 taliam
1408 3025 1487 3084 bello
1499 3024 1665 3084 liberasset.
1695 3028 1846 3102 Quaeres

477 3146 479 3149 -
526 3101 663 3159 raesidiis
683 3098 825 3168 firmavit,
847 3101 975 3158 exclusit
994 3120 1062 3169 eos,
1084 3119 1161 3178 qnos
1189 3107 1230 3160 ita
1255 3114 1353 3177 gestes
1379 3101 1435 3159 sub
1461 3113 1579 3159 noctem
1598 3103 1710 3161 Cicero
1732 3102 1846 3180 populo

502 3123 633 3237 Catilina
654 3177 691 3233 ad
713 3195 780 3232 eum
796 3195 883 3233 manc
897 3177 1056 3235 salutatum
1070 3178 1161 3232 mise·
1189 3181 1378 3236 incautione
1403 3180 1559 3254 exposuit,
1590 3180 1730 3237 oratioue
1755 3185 1847 3232 tertio

503 3266 563 3311 rat.
599 3252 686 3311 Catil.
707 3263 734 3317 t,
751 3259 779 3319 ὅ,
799 3258 826 3311 7.
845 3270 930 3328 seqq.
950 3282 986 3296 -
1006 3252 1089 3309 A.d;
1106 3252 1158 3310 vl.
1189 3257 1367 3309 Catilinario.
1394 3283 1431 3298 -
1458 3254 1554 3310 Nonis
1583 3253 1746 3312 Decembr.
1775 3273 1847 3310 curn

503 3330 575 3386 Idus
595 3326 758 3385 Novembr.
778 3340 884 3384 senatu
903 3331 935 3384 in
955 3328 1057 3385 aedem
1077 3328 1159 3385 lovis
1188 3329 1296 3387 Cicero
1327 3328 1507 3402 intelligeret
1537 3342 1658 3405 paratos
1692 3348 1760 3389 esse
1794 3330 1847 3407 qui

504 3405 636 3462 Statoris
655 3414 843 3471 convocato,
864 3422 933 3460 enm
953 3403 1057 3460 eodem
1077 3404 1160 3463 Cati·
1188 3404 1346 3461 Lentulum
1366 3416 1394 3462 et
1413 3404 1575 3480 Cethegum
1595 3424 1611 3461 e
1632 3406 1770 3463 custodia
1788 3408 1848 3462 eri·

383 3502 387 3515 ¹
503 3480 565 3537 lina
593 3497 711 3556 quoque
738 3481 889 3545 venisset,
921 3478 1028 3536 Cicero
1057 3477 1159 3535 habuit
1187 3491 1303 3556 parent,
1326 3479 1362 3536 ad
1383 3489 1519 3537 senatum
1538 3492 1740 3538 convocatum
1759 3479 1847 3538 dees

502 3562 625 3627 primam
645 3573 720 3631 quae
740 3564 838 3610 exstat
857 3561 1013 3606 orationem
1032 3560 1062 3607 in
1081 3556 1160 3608 Cati·
1187 3575 1219 3612 re
1247 3556 1361 3612 rettulit
1383 3556 1610 3633 consuluitque,
1660 3556 1714 3614 uid
1743 3556 1779 3612 de
1808 3558 1847 3611 iis

503 3633 606 3697 dnum,
636 3648 694 3706 qua
723 3633 824 3686 omnia
853 3632 917 3685 eius
947 3629 1073 3686 consilia
1101 3628 1159 3686 sihi
1186 3624 1251 3690 heri
1265 3631 1408 3707 placeret,
1430 3634 1482 3708 qui
1501 3634 1532 3688 in
1552 3577 1723 3690 custodiam
1741 3630 1849 3688 traditi

504 3707 626 3792 cognita
646 3722 713 3763 esse
730 3705 871 3771 ostendit,
894 3703 1158 3780 enmqueexurhe
1187 3719 1282 3765 erant.
1324 3705 1398 3764 Cum
1422 3707 1497 3763 duae
1524 3718 1626 3764 esseut
1655 3709 1845 3773 sententiae,

503 3796 738 3857 extremosque
766 3799 868 3836 omnes
894 3792 945 3837 aut
964 3791 1045 3837 certe
1112 3800 1157 3836 am
1186 3802 1245 3839 nna
1273 3782 1310 3839 D.
1333 3780 1429 3839 Silani
1455 3800 1517 3839 eos.
1537 3783 1618 3849 des,
1648 3785 1702 3860 qui
1727 3782 1847 3839 censuit

503 3855 651 3986 plurimos
672 3855 799 3912 educere
819 3857 915 3912 iussit.
952 3855 1056 3932 ltaque
1102 3858 1159 3912 ati·
1186 3877 1238 3915 eos
1264 3869 1359 3914 morte
1386 3856 1555 3915 multandos
1576 3875 1660 3926 esse,
1690 3858 1788 3915 altera
1809 3856 1845 3915 C.
1879 3852 1891 3877 Ἰ

517 3948 564 3986 rna
595 3948 662 3986 eum
691 3935 833 3987 trecentis
866 3934 989 3987 armatis
1019 3934 1157 4006 proxima
1185 3920 1251 3990 ltilii
1266 3932 1415 3997 Caesaris,
1437 3935 1486 4010 qui
1506 3952 1557 3990 eos
1576 3931 1740 4010 publicatis
1754 3931 1846 3990 bouis

414 4016 418 4025 '
503 4016 592 4060 nocte
616 4007 647 4060 in
661 4005 803 4062 Malliana
818 4017 917 4062 castra
931 4006 1085 4080 profectus
1099 4017 1154 4063 est.
1186 4011 1215 4066 in
1236 4009 1365 4065 vinculis
1385 4005 1537 4065 habendos
1558 4028 1624 4066 esse
1637 4011 1774 4081 censuit,
1792 4007 1846 4066 Ci-

502 4080 652 4148 Postridie
673 4081 781 4137 Cicero
799 4083 947 4134 secundam
967 4080 1071 4138 habuit
1086 4101 1157 4138 ora·
1185 4102 1255 4141 cero
1276 4085 1409 4140 surrexit
1434 4096 1464 4141 et
1487 4083 1523 4140 de
1543 4095 1670 4162 utraque
1691 4082 1846 4143 autentis

502 4159 615 4212 tionem
634 4162 664 4208 in
683 4157 847 4223 Catilinam,
874 4156 911 4213 ad
931 4155 1076 4228 Quirites,
1120 4177 1155 4213 ua
1185 4160 1255 4236 quid
1275 4157 1333 4215 sibi
1353 4158 1508 4216 videretur
1527 4161 1678 4235 exposuit,
1700 4161 1843 4217 oratioue

502 4248 571 4287 eum
591 4228 665 4286 urhe
685 4235 850 4288 excessisse
871 4233 1006 4298 nuntiat,
1030 4178 1157 4308 poptdo-
1205 4253 1258 4291 uae
1285 4244 1388 4307 quarta
1417 4247 1589 4293 numeratur
1618 4243 1648 4289 r’n
1675 4237 1843 4290 caremus.

503 4324 561 4437 qne
580 4304 765 4375 gratulatur,
792 4326 859 4363 eum
879 4325 917 4364 ex
936 4308 1061 4365 occultis
1081 4309 1154 4365 iusi·
1184 4257 1229 4368 Le
1249 4311 1373 4367 vicisset
1398 4311 1535 4386 profecto
1555 4311 1697 4370 Caesaris
1716 4319 1844 4369 muten-

525 4382 561 4438 tis
581 4383 612 4436 in
632 4400 648 4436 a
672 4391 769 4437 ertum
789 4381 981 4439 latrocinium
1000 4401 1066 4441 esse
1080 4404 1155 4441 eou—
1183 4389 1242 4452 tia,
1267 4387 1326 4441 uisi
1352 4384 1393 4442 Μ.
1416 4385 1543 4443 Porcius
1566 4386 1641 4444 Cato
1669 4383 1843 4443 vehementi

502 4457 623 4512 iactum.
651 4400 756 4512 b'aullo
776 4468 844 4532 post
863 4469 985 4515 senatus
997 4459 1156 4517 Catilinam
1184 4461 1319 4519 oratione
1341 4462 1370 4517 in
1391 4463 1565 4518 coniuratos
1585 4462 1687 4519 hahita
1703 4470 1842 4518 extremo

503 4541 534 4587 et
548 4530 680 4587 Mallium
700 4532 800 4588 hostes
821 4532 984 4602 iudicavit,
1006 4535 1156 4592 decrerit·
1184 4555 1236 4595 eos
1256 4536 1403 4611 supplicio
1424 4538 1530 4614 dignos
1551 4555 1616 4594 esse
1635 4538 1754 4594 senatrsr
1773 4553 1843 4612 per·

502 4624 560 4739 pue
590 4614 622 4661 ut
650 4606 788 4683 consules
820 4608 965 4664 delectum
992 4607 1154 4678 haberent,
1185 4613 1338 4669 suasisset.
1365 4610 1459 4669 Facto
1478 4613 1570 4688 igitur
1588 4614 1620 4669 in
1639 4615 1705 4670 eius
1720 4623 1843 4668 senten·

530 4681 612 4737 icero
631 4680 699 4736 urbi
719 4695 881 4756 praeesset,
902 4684 1054 4741 Antonius
1069 4704 1157 4743 exer·
1183 4689 1256 4744 tiam
1270 4685 1351 4746 scio
1372 4687 1550 4763 supplicium
1570 4687 1607 4744 de
1620 4686 1761 4756 Lentulo,
1786 4685 1844 4746 Ce-

503 4758 565 4812 citu
584 4755 743 4813 Catilinam
763 4771 1005 4834 persequeretur.
1031 4760 1156 4818 Interim
1184 4764 1284 4835 thego,
1306 4760 1440 4828 Statilio,
1464 4761 1612 4830 Gabinio,
1639 4763 1790 4839 Caepario
1810 4763 1843 4819 in

503 4848 570 4886 cum
597 4831 722 4889 Murena
751 4851 813 4889 cos.
842 4833 1014 4910 designatus
1043 4855 1058 4890 a
1086 4835 1154 4893 Ser.
1184 4855 1308 4895 carcere
1328 4848 1479 4912 sumptum
1499 4849 1553 4896 est.
1593 4837 1666 4895 Illae
1689 4848 1761 4895 sunt
1780 4836 1843 4894 No-

502 4904 655 4978 Sulpicio,
681 4906 722 4963 Μ.
744 4907 858 4965 Catone
878 4921 907 4966 et
927 4910 982 4968 Cn.
1002 4910 1156 4969 Postumio
1185 4931 1241 4970 nae
1261 4913 1329 4971 illae
1342 4912 1536 4980 Decembres,
1556 4917 1647 4971 toties
1660 4933 1678 4970 a
1692 4914 1841 4972 Cicerone

465 4979 478 4999 ⁰
503 4980 539 5035 de
555 4978 942 5052 ambituaccusatusesset,
958 4985 1157 5043 defenderunt
1184 4987 1369 5056 celebratae;
1397 4999 1431 5046 nt
1456 4988 1493 5046 ad
1513 4988 1594 5047 Fam.
1611 5001 1644 5057 1,
1666 4996 1703 5057 9,
1726 4996 1775 5048 12.
1805 4987 1842 5045 ad

389 5052 394 5063 '
501 5072 570 5110 cnm
590 5055 627 5128 Q.
641 5057 832 5127 Hortensius,
850 5060 891 5117 Μ.
908 5060 1046 5128 Crassus,
1062 5062 1157 5121 etCi-
1184 5066 1246 5122 Att.
1269 5073 1321 5134 to,
1344 5072 1377 5132 1,
1398 5077 1425 5123 1.
1448 5096 1480 5109 -
1501 5064 1603 5124 Pridie
1624 5064 1692 5123 Kal.
1713 5064 1779 5123 lau.
1801 5061 1838 5136 Q·

502 5147 573 5185 oero
590 5132 1058 5208 consulorationeproana,
1078 5157 1155 5215 quae
1183 5140 1319 5198 Metellus
1345 5140 1446 5216 Nepos
1470 5158 1566 5199 novus
1593 5141 1666 5199 trib.
1690 5141 1731 5217 pl.
1753 5140 1841 5199 Cice·

502 5213 611 5263 exstat.
638 5206 743 5266 Paullo
762 5223 833 5289 post
852 5230 920 5272 cnm
939 5211 1047 5272 Clcero
1067 5233 1157 5274 eom·
1181 5235 1287 5275 rouetu
1315 5219 1347 5276 iu
1379 5220 1519 5278 contictu
1550 5216 1653 5276 dicere
1685 5214 1841 5296 prohibuit

1709 5342 1905 5415 .“,.1

1781 5576 1812 5641 3
1898 5588 1907 5607 a
