4367 6084
499 610 562 679 609
922 600 978 670 Μ.
996 596 1199 667 TULLIUS
1221 590 1415 664 eterno.
1484 620 1490 645 ··

497 758 615 817 ratione
634 751 765 821 Verres,
793 764 862 805 ιιιιιι
884 742 1066 802 Hortensius
1085 742 1151 817 ipse
1179 737 1279 797 banus
1308 733 1406 824 plebis
1432 734 1530 812 legem
1553 735 1776 814 promulgarit,
1808 748 1844 797 nt

497 831 575 892 nilsil
602 827 683 907 quod
707 835 814 883 contra
842 819 958 878 diceret
982 817 1150 886 inveniret,
1180 816 1334 890 Pompeio,
1357 830 1410 898 qus
1427 822 1492 869 ton
1511 812 1671 872 incilicia
1690 812 1843 875 teutma-

498 911 542 967 ita
560 906 717 963 convictus
737 909 798 964 est,
827 907 861 953 ut
887 897 951 971 ipse
971 912 1025 952 sua
1044 903 1152 969 sponte
1181 891 1273 948 citimi
1292 887 1436 964 reliquias
1454 887 1703 966 persequebatur,
1727 889 1842 950 bellum

498 986 533 1043 ia
552 980 673 1038 exilium
686 975 794 1032 abiret.
822 970 906 1038 Haec
925 970 1036 1032 dicitur
1054 971 1153 1044 prima
1181 963 1418 1024 Mithridaticum
1430 966 1679 1024 committeretur.
1706 966 1783 1027 Eam
1796 968 1842 1026 le-

481 1059 579 1117 *actio
592 1057 625 1110 in
637 1052 776 1115 Verrem,
797 1048 883 1104 cuius
896 1046 1084 1122 proaemium
1097 1046 1154 1100 ha·
1182 1059 1249 1117 gem
1262 1039 1370 1099 Cicero
1390 1051 1514 1114 praetor
1529 1042 1626 1098 suasit
1636 1044 1776 1101 oratione
1786 1063 1843 1115 pro

497 1133 614 1192 bemus.
654 1123 810 1183 Secundae
830 1124 969 1188 actionis,
991 1137 1158 1196 numquam
1182 1120 1246 1186 lege
1265 1114 1393 1169 Manilia
1412 1117 1477 1173 sive
1496 1117 1530 1170 de
1549 1122 1665 1189 imperto
1685 1118 1739 1176 Ca.
1761 1123 1845 1176 Ριιι.

499 1206 637 1269 habitae,
670 1199 756 1277 quasi
784 1198 896 1255 Verres
926 1211 997 1273 post
1027 1199 1155 1271 primam
1180 1198 1300 1265 patt-
1318 1189 1432 1249 Eodem
1450 1211 1530 1249 anno
1545 1195 1582 1248 A.
1599 1194 1758 1248 cluentinus
1771 1197 1846 1248 Aut·

499 1283 649 1339 actionem
668 1279 777 1332 iterum
797 1273 936 1330 defensus
950 1283 1038 1338 esset,
1060 1269 1155 1328 libros
1184 1279 1243 1321 tum
1268 1265 1401 1323 defendit
1425 1268 1505 1343 apud
1531 1268 1675 1344 collegam
1701 1272 1734 1327 in
1757 1288 1846 1344 prae-

500 1358 634 1433 quinqoe
654 1350 764 1409 Cicero
783 1349 981 1423 conscripsit,
1004 1358 1038 1404 ut
1056 1349 1155 1422 primo
1185 1357 1252 1401 turs
1273 1341 1311 1414 Q.
1327 1341 1496 1400 Voconimu
1513 1343 1683 1412 Nasonem,
1702 1347 1845 1404 oratione

500 1435 565 1489 eius
576 1436 778 1506 quaesturam,
790 1425 969 1500 legationem
979 1433 1008 1479 et
1018 1433 1157 1499 quaesto-
1186 1436 1262 1496 quas
1282 1428 1391 1475 exstat.

499 1505 624 1565 minin
638 1503 711 1558 Asia
725 1500 981 1576 procurationem,
994 1497 1158 1566 (cumlllal-
1224 1495 1262 1550 A.
1283 1512 1313 1549 ιι.
1333 1511 1361 1549 c.
1383 1499 1451 1555 689.
1473 1505 1530 1553 ιιι.
1543 1493 1639 1553 XLII.
1675 1495 1791 1554 Cicero
1809 1495 1845 1556 C.

500 1578 581 1640 leolo
607 1587 766 1654 quaestore
792 1572 963 1630 Dolabellae
989 1576 1091 1629 occiso
1118 1570 1157 1628 ab
1187 1567 1359 1627 Cornelium
1369 1570 1533 1628 maiestatis
1542 1589 1627 1628 reum
1640 1569 1761 1635 duabus
1773 1590 1848 1631 ora·

503 1676 540 1714 eo
560 1673 616 1730 pro
630 1661 788 1731 quaestore
803 1652 901 1706 iussus
915 1659 995 1705 esset
1009 1655 1089 1717 esse)
1109 1647 1159 1703 de·
1187 1643 1318 1701 tionibus
1345 1644 1492 1714 defendit,
1521 1662 1648 1724 quarum
1671 1648 1847 1723 tinguent·

501 1722 1158 1865 ttttt..ttflt‘tt.ttlt”tt..tt·stltffi
1186 1720 1673 1864 lt.⁸tl?l2tf‘ltll.l⁸52'l¹t
1690 1720 1849 1857 itala:

503 1896 578 1948 ιιι,
599 1876 690 1935 sertin
706 1879 770 1932 eius
783 1877 863 1933 furta
877 1876 909 1930 in
922 1877 1005 1931 omni
1016 1876 1159 1932 frumenti
1187 1890 1258 1928 cero
1272 1888 1304 1926 se
1317 1870 1495 1947 accingebat
1507 1873 1545 1930 ad
1557 1872 1847 1933 consolatamanno

503 1972 625 2033 genere,
645 1962 754 2029 quarto
773 1951 853 2008 farta
873 1952 904 2006 in
924 1951 1019 2026 siguis
1042 1961 1072 2007 et
1091 1950 1160 2007 reli·
1188 1957 1330 2023 sequente
1350 1948 1519 2020 petendum.
1548 1948 1586 2006 sd
1599 1952 1661 2007 Att.
1672 1958 1702 2018 1,
1715 1955 1785 2019 1,1.
1795 1968 1845 2027 sq.

504 2033 572 2108 quis
591 2027 776 2085 ornamentis
797 2024 918 2083 Siciliae
943 2024 1071 2100 publicis
1098 2028 1160 2101 pri·
1224 2026 1262 2079 A.
1278 2042 1308 2080 ιι.
1323 2041 1350 2078 c.
1366 2029 1432 2083 699.
1454 2035 1511 2081 ιιι.
1530 2024 1643 2082 XLIII.
1677 2024 1745 2096 „h
1765 2024 1847 2085 latis

503 2107 594 2174 ratis,
605 2105 700 2160 sacris
711 2101 847 2177 profanis
857 2113 1038 2175 exponeret;
1053 2105 1159 2178 quinto
1188 2097 1316 2157 Caesare
1342 2098 1375 2156 C.
1395 2099 1511 2157 Marcio
1530 2099 1636 2175 Figulo
1665 2097 1846 2159 consulibua

504 2182 633 2258 denique
660 2177 696 2235 de
722 2175 800 2233 bello
819 2177 1015 2251 fugitivorum
1039 2190 1069 2234 et
1089 2176 1160 2234 belli
1187 2173 1281 2233 filiolo
1307 2192 1353 2230 me
1379 2186 1498 2231 anctum
1520 2178 1598 2233 seito
1616 2175 1699 2233 salvs
1721 2176 1848 2235 Teren-

504 2275 573 2315 cum
593 2253 742 2328 Spartaco
762 2254 839 2327 gesti
854 2252 995 2328 reliquiis
1017 2263 1098 2320 nato,
1124 2254 1159 2308 de
1189 2250 1259 2307 tia.”
1286 2249 1323 2305 ad
1338 2251 1400 2306 Att.
1419 2262 1444 2316 t,
1459 2259 1488 2317 2,
1505 2257 1532 2307 1.
1548 2281 1584 2295 -
1599 2250 1693 2322 „Hoc
1706 2261 1848 2328 tempore

504 2314 654 2391 maritimi
684 2327 762 2385 bello
795 2339 901 2384 contra
932 2328 1101 2403 praedones
1130 2338 1160 2385 et
1189 2326 1347 2384 Catilinam
1370 2328 1595 2401 competitorem
1622 2338 1774 2385 nostrum.
1789 2329 1849 2387 de·

503 2409 619 2485 piratas
634 2414 735 2538 ξιιιο,
760 2402 888 2535 denique
907 2401 944 2459 de
964 2406 1062 2460 atroci
1082 2404 1161 2461 Ver·
1189 2403 1310 2459 feudere
1336 2404 1510 2489 cogitamus.
1544 2401 1661 2460 Indices
1687 2403 1847 2470 habemus.

504 2484 550 2541 ris
576 2483 609 2539 in
658 2478 753 2536 iculos
780 2497 835 2535 cru
856 2479 955 2535 elitate
984 2481 1161 2556 iniustisque
1190 2497 1264 2554 qnos
1278 2480 1435 2543 volumnus,
1458 2496 1572 2534 ιιιιιιιιιι
1586 2481 1779 2537 accusatoris
1792 2497 1850 2535 vo·

505 2556 661 2632 suppliciis
691 2557 722 2611 in
750 2556 832 2611 cives
860 2553 1012 2611 Romanos
1041 2559 1160 2612 statutis
1189 2554 1313 2610 loutate.
1343 2552 1451 2627 Spero,
1471 2550 1751 2621 siabsolutuserit,
1772 2572 1850 2612 con·

507 2643 621 2709 ageret.
1190 2631 1367 2685 iunctiorem
1387 2628 1470 2686 illum
1489 2627 1576 2685 nobis
1595 2629 1661 2685 fore
1679 2631 1713 2686 in
1727 2632 1849 2689 ratione

544 2708 583 2765 Α.
598 2727 628 2763 ιι.
644 2725 672 2763 c.
687 2709 754 2765 685.
776 2715 834 2762 ιιι.
856 2704 1029 2762 XXXVIII.
1066 2707 1161 2776 „Tri-
1191 2706 1360 2779 petitionis:
1382 2705 1430 2762 sin
1449 2705 1536 2760 aliter
1555 2704 1718 2771 acciderit,
1741 2707 1851 2763 huna·

506 2802 564 2841 nos
583 2782 670 2839 ludos
697 2780 801 2838 aedilis
820 2777 981 2839 f'eeerain.”
1017 2800 1073 2856 pro
1093 2781 1162 2839 Μιι-
1191 2781 1268 2836 niter
1295 2778 1455 2838 feremus.''
1489 2778 1527 2835 ad
1547 2781 1611 2838 Att.
1634 2787 1669 2848 1,
1690 2788 1729 2847 2,
1752 2788 1780 2840 1.
1810 2809 1848 2826 -

507 2877 581 2918 rena
596 2865 643 2925 19,
658 2857 706 2915 do.
730 2885 761 2897 -
783 2856 872 2925 „Pro
892 2875 939 2912 ιιιι
961 2856 1086 2914 litudine
1107 2858 1162 2914 lto·
1190 2855 1376 2928 „Tulliolam
1396 2856 1430 2914 C.
1445 2855 1549 2913 Pisoni
1569 2856 1604 2912 I..
1619 2857 1655 2913 P.
1673 2856 1770 2933 Frugi
1790 2856 1848 2914 de·

507 2950 633 3000 norum,
658 2950 733 3011 quos
753 2933 870 2989 cunctis
889 2950 926 2989 su
949 2933 1041 3006 regiis
1061 2932 1162 3008 adepti
1190 2931 1394 3007 spondimus.”
1419 2930 1458 2987 ad
1477 2932 1539 2987 A-tt.
1559 2938 1592 2999 1,
1614 2939 1649 3001 5,
1669 2938 1699 2992 5.
1725 2961 1757 2972 -
1778 2932 1847 2989 Hoc

507 3028 621 3075 sumus,
640 3019 746 3064 nostro
762 3007 881 3083 quidem
895 3025 986 3072 anno,
1010 3025 1082 3064 sane
1097 3011 1162 3065 exi·
1190 3026 1269 3065 anno
1282 3007 1390 3065 Cicero
1409 3006 1597 3070 consulatum
1617 3009 1715 3081 petiit,
1737 3010 1846 3084 quain

508 3103 585 3160 quus
607 3094 742 3158 sumptus
760 3083 918 3140 aedilitatis
938 3083 1023 3140 fuit.”
1050 3085 1086 3140 de
1099 3083 1160 3142 off.
1190 3084 1333 3158 petitione
1358 3084 1571 3158 competitores
1592 3082 1697 3140 habuit
1716 3082 1753 3140 P.
1775 3082 1848 3142 snt-

507 3169 538 3229 2,
562 3167 608 3228 17,
631 3164 680 3219 59.
762 3202 764 3211 .
1191 3161 1301 3234 picium
1314 3156 1451 3222 Galbam,
1467 3157 1502 3214 L.
1518 3158 1658 3232 Sergium
1672 3159 1846 3227 Catilinam,

545 3237 583 3292 A.
602 3255 631 3292 u.
651 3252 678 3291 c.
697 3237 761 3295 686·
782 3244 839 3291 set.
855 3231 1003 3290 XXXIX.
1025 3245 1162 3291 mortuos
1191 3235 1223 3292 C.
1242 3237 1423 3302 Antonium,
1443 3233 1480 3290 L.
1503 3234 1641 3292 Cassium
1660 3235 1846 3309 Longinum,

395 3362 398 3369 .
508 3323 554 3368 est
572 3311 609 3369 L.
626 3309 733 3368 Cicero
752 3309 794 3366 Μ.
810 3309 904 3366 Tullii
924 3307 1080 3366 Ciceronis
1101 3310 1163 3366 fra·
1192 3311 1229 3384 Q.
1245 3310 1439 3368 Cornificium
1458 3320 1489 3367 et
1509 3308 1543 3368 G.
1562 3309 1715 3368 Licinium
1736 3309 1849 3368 Sacer-

506 3396 555 3444 ter
574 3385 738 3462 patruelis,
767 3387 852 3442 cuius
878 3395 1004 3440 mortem
1026 3383 1164 3461 deplorat
1192 3388 1300 3443 dotem.
1342 3385 1379 3458 Q.
1400 3385 1464 3443 Cic.
1488 3385 1524 3442 de
1544 3393 1629 3462 petit.
1651 3403 1738 3443 cons.
1760 3393 1798 3456 2,
1819 3394 1847 3446 7.

508 3465 596 3537 epist.
617 3460 657 3517 ad
675 3461 738 3516 Att.
760 3468 786 3527 1,
807 3468 836 3520 6.
1191 3481 1273 3538 seqq.
1303 3479 1358 3535 pro
1373 3460 1497 3518 Murena
1511 3468 1540 3526 8,
1557 3467 1602 3518 17.
1623 3463 1740 3520 Ascon.
1755 3481 1787 3538 p.
1801 3469 1850 3522 st.

545 3540 583 3594 A.
598 3554 628 3592 u.
645 3555 672 3592 c.
687 3539 754 3596 687.
775 3547 834 3593 ιιι.
849 3534 916 3592 XL·
942 3535 1018 3606 „Ille
1039 3547 1164 3610 praeto·
1192 3567 1227 3581 -
1247 3537 1349 3608 „Cum
1367 3537 1400 3592 in
1420 3537 1484 3594 dies
1504 3537 1623 3594 licentia
1645 3537 1776 3595 ambitus
1793 3557 1850 3594 au·

507 3631 573 3670 rem
592 3613 720 3686 primum
736 3614 853 3668 cunctis
868 3609 1020 3685 suffragiis
1034 3612 1163 3687 populus
1191 3623 1313 3687 geretur
1339 3622 1464 3686 propter
1489 3614 1682 3688 praecipuam
1702 3612 1850 3672 Catilinae

507 3687 660 3744 Romanus
682 3686 834 3743 faciebat.”
862 3689 894 3742 in
911 3687 1014 3742 Pison.
1035 3701 1061 3752 t,
1078 3695 1106 3743 2.
1126 3718 1163 3731 -
1191 3700 1220 3746 et
1239 3690 1364 3745 Antonii
1384 3688 1550 3755 audaciam,
1572 3700 1736 3745 censuerat
1754 3707 1849 3746 sena·

507 3762 611 3834 „Cum
630 3773 756 3837 propter
777 3761 950 3818 dilationem
973 3765 1162 3818 comitiorum
1192 3776 1256 3831 tus,
1285 3774 1318 3819 ut
1338 3765 1387 3820 lex
1406 3762 1533 3829 stabitur
1555 3775 1641 3821 ancta
1669 3767 1762 3823 etiam
1780 3780 1849 3822 cum

508 3839 586 3912 (cfr.
610 3837 647 3893 ad
666 3839 729 3894 Att.
754 3847 780 3903 1,
802 3846 848 3903 10,
869 3840 899 3896 6.
928 3848 956 3903 1,
980 3843 1026 3902 11,
1049 3844 1089 3905 2.)
1118 3850 1163 3894 ιιι
1191 3859 1286 3915 poena
1311 3840 1458 3905 ferretur;
1485 3842 1571 3916 eique
1598 3841 1643 3896 rei
1664 3840 1706 3912 Q.
1729 3840 1848 3899 Mucius

482 3923 632 3988 ›praetor
657 3916 771 3988 primus
799 3914 946 3969 centuriis
972 3914 1088 3969 cunctis
1109 3932 1162 3970 re·
1191 3915 1350 3973 Orestinus
1378 3915 1516 3972 tribunus
1541 3913 1638 3990 plebis
1663 3918 1850 3974 intercesse-

508 3989 664 4045 nuntiatus
685 4007 761 4053 sum,
783 3988 870 4045 facile
891 3987 1035 4054 intellexi,
1057 3988 1161 4060 Quiri·
1190 4000 1247 4047 rat.
1276 3988 1354 4046 Tuus
1374 3990 1492 4057 Cicero,
1518 3993 1651 4065 graviter
1669 4003 1782 4049 senatu
1801 3997 1850 4048 in·

508 4073 566 4129 tes,
587 4074 616 4121 et
636 4062 707 4138 quid
727 4063 764 4118 de
778 4082 823 4119 sne
842 4063 1025 4129 iudicaretis,
1047 4077 1077 4120 et
1090 4064 1162 4140 quid
1190 4068 1404 4123 tercessiouem
1433 4067 1563 4133 ferente,
1595 4071 1732 4125 surrexit
1757 4078 1848 4155 atque

508 4139 576 4196 aliis
595 4136 876 4213 praescriberetis.”
903 4157 959 4213 pro
980 4138 1045 4213 lege
1060 4140 1161 4197 Manil.
1190 4143 1221 4197 iu
1241 4141 1401 4197 coitionem
1420 4141 1567 4200 Catilinae
1593 4153 1623 4199 et
1649 4145 1779 4201 Antonii
1799 4163 1849 4201 sn·

509 4226 543 4279 1,
564 4222 593 4272 2.
616 4242 652 4279 -·,
670 4213 826 4283 „Praetor
845 4216 959 4289 primus
979 4225 1009 4270 et
1029 4217 1162 4277 incredi·
1191 4227 1293 4273 vectus
1321 4229 1367 4273 est
1396 4218 1550 4285 (oratione
1569 4222 1600 4270 in
1618 4227 1694 4288 toga
1711 4220 1848 4288 madida)

506 4286 562 4347 bili
581 4288 684 4364 populi
704 4289 856 4346 voluntate
872 4309 937 4346 suus
950 4290 1057 4348 factus.
1085 4292 1162 4348 Nam
1190 4302 1258 4349 ante
1276 4292 1339 4349 dies
1353 4293 1544 4349 comitiorum
1558 4294 1702 4367 paucos.”
1729 4296 1847 4352 Aseaa.

509 4383 576 4421 cum
597 4374 723 4438 propter
744 4364 947 4421 assiduitatem
967 4368 1114 4424 incensis
1133 4379 1163 4424 et
1191 4389 1220 4443 p.
1236 4373 1282 4428 83·
1300 4396 1331 4408 -
1353 4367 1424 4438 ,Me
1442 4380 1549 4426 concta
1562 4369 1658 4436 Italia,
1679 4385 1729 4426 me
1742 4387 1848 4427 omnes

507 4438 697 4507 industriam,
719 4447 782 4499 tum
802 4449 928 4515 propter
939 4441 1118 4519 exquisitius
1133 4455 1163 4500 et
1191 4443 1325 4510 ordines,
1340 4462 1388 4500 sue
1402 4445 1542 4501 universa
1552 4446 1673 4511 civitas,
1689 4462 1751 4502 non
1759 4447 1848 4520 prins

508 4516 630 4571 minime
657 4514 781 4587 volgare
807 4517 954 4573 orationis
979 4535 1073 4648 qenes
1097 4520 1162 4575 sni·
1191 4518 1297 4576 tabella
1324 4537 1414 4596 quam
1439 4537 1514 4577 voce
1540 4521 1672 4594 priorem
1692 4519 1849 4578 consulem

507 4608 574 4646 mos
594 4588 747 4646 hominnm
768 4590 805 4647 ad
825 4609 872 4646 me
891 4591 978 4648 dicen
1001 4595 1010 4649 i
1029 4596 1162 4652 novitate
1191 4594 1386 4652 declaravit.”
1406 4596 1438 4651 in
1448 4595 1553 4652 Pison.
1569 4604 1597 4660 1,
1613 4601 1640 4655 6.
1659 4596 1718 4652 cfr.
1731 4596 1771 4652 de
1784 4595 1849 4670 lege

508 4665 746 4721 converteram.”
782 4662 868 4725 Brut.
890 4673 937 4732 91,
959 4675 1024 4730 521.
1191 4689 1256 4746 agr.
1269 4677 1297 4735 2,
1311 4678 1338 4735 1,
1351 4675 1378 4730 5.
1392 4688 1476 4746 seqq.
1500 4699 1532 4711 -
1554 4668 1620 4727 Hoc
1640 4688 1723 4728 anno
1736 4670 1849 4730 Cicera

546 4740 584 4795 A.
600 4758 630 4795 u.
646 4757 672 4795 c.
685 4745 752 4799 688.
774 4753 831 4797 aet.
845 4740 927 4798 XLI.
950 4743 1057 4800 Cicero
1071 4763 1163 4819 prae·
1190 4747 1229 4818 Q.
1244 4745 1374 4803 Gallium
1396 4745 1630 4811 ambitusreum
1649 4745 1797 4804 defendit.

506 4824 558 4870 tor
578 4816 748 4890 quaestioni
772 4816 809 4872 de
834 4820 969 4892 pecuniis
988 4820 1162 4893 repetundis
1228 4823 1266 4878 A.
1279 4840 1307 4877 u.
1318 4839 1346 4878 c.
1356 4824 1422 4880 691.
1438 4830 1495 4877 ιιι.
1508 4819 1620 4879 XLIV.
1647 4821 1760 4880 Cicero
1771 4839 1849 4880 cos·

507 4891 649 4964 praefuit.
688 4909 746 4965 pro
765 4890 867 4949 Rabir.
888 4893 971 4950 Post.
990 4897 1025 4960 ls,
1048 4898 1075 4951 9.
1105 4915 1161 4969 pro
1190 4897 1319 4954 sulatum
1332 4898 1426 4968 gessit
1444 4913 1514 4953 com
1526 4896 1568 4954 Μ.
1583 4898 1730 4954 Antonio.
1759 4897 1847 4970 ,Epa
1886 4931 1893 4949 ·

509 4963 651 5020 Cornelio
673 4972 755 5031 1,1.
785 4986 841 5040 pro
860 4967 998 5026 Cluentio
1017 4975 1069 5037 55,
1092 4975 1159 5030 stt.
1190 4972 1308 5050 qualem
1333 4971 1476 5029 Kalendis
1500 4972 1650 5030 Ianuariis
1677 4976 1847 5049 acceperim

508 5066 546 5080 —
565 5040 655 5112 Apud
680 5059 749 5097 ιιιιιι
772 5041 806 5099 C.
827 5043 962 5101 Licinius
981 5044 1084 5101 Macer
1110 5066 1162 5104 ae·
1190 5049 1428 5124 rempublicam,
1445 5047 1762 5127 Quirites,intelligo=
1783 5050 1847 5126 ple·

510 5124 630 5170 casatus
657 5126 687 5172 et
711 5116 869 5176 damnatus
895 5131 950 5177 est.
988 5117 1025 5175 ad
1045 5122 1110 5178 Att.
1132 5135 1159 5192 1,
1189 5144 1258 5181 nam
1278 5122 1502 5190 sollicitudinis,
1520 5124 1793 5200 plenamtImorist
1811 5128 1845 5182 in

507 5187 538 5256 d,
555 5194 582 5244 2.
599 5190 768 5251 -Eodem
788 5213 868 5254 anno
887 5195 923 5255 C.
944 5194 1085 5257 Manilius
1104 5201 1162 5258 tri·
1189 5220 1248 5278 qua
1262 5201 1337 5261 nihil
1349 5210 1415 5257 erat
1426 5199 1509 5272 mali,
1526 5198 1602 5260 niltil
1613 5200 1750 5272 adversi,
1765 5200 1843 5281 Μ
