4367 6084
873 628 996 697 412

870 771 1209 837 Memmius,
1251 779 1323 826 nt
1357 771 1437 825 sit
1474 767 1542 827 C.
1585 768 1899 826 Memmius
1939 767 2176 828 Gemel-

869 847 1012 914 lus.)
1068 845 1187 902 Sed
1230 845 1378 902 haec
1417 847 1720 902 correctio
1757 847 1857 901 vix
1889 843 2176 920 prohabi-

869 922 966 987 lis,
999 940 1133 977 cum
1164 931 1418 997 propter
1443 938 1805 977 consensum
1832 919 2090 978 Charisii
2119 931 2176 975 et

869 996 1195 1063 Prisciani,
1226 1008 1348 1052 tum
1377 997 1513 1072 quia
1542 995 1824 1054 Memmio
1853 1014 1977 1053 non
2004 995 2171 1052 Atel-

867 1071 1065 1137 lanae,
1110 1070 1215 1128 sed
1254 1071 1446 1144 lyrica
1489 1072 1758 1128 carmina
1798 1089 1831 1126 a
1874 1071 2090 1136 Gellio,
2140 1088 2171 1126 a

869 1145 1086 1204 Servio
1112 1150 1324 1221 poe’ma
1355 1147 1425 1202 de
1454 1147 1758 1220 triumpho
1785 1145 2022 1203 Luculli
2054 1148 2171 1202 tri-

865 1221 1135 1279 buuntur
1174 1234 1230 1278 et
1267 1222 1502 1279 Nonius
1543 1242 1603 1297 p.
1647 1223 1778 1280 194.
1834 1221 2022 1279 Merc.
2067 1240 2171 1277 ex-

866 1296 1033 1354 hibet
1072 1299 1224 1355 duos
1266 1297 1544 1354 dimidios
1584 1298 1988 1354 hexametros.
2044 1296 2171 1353 Nec

868 1390 1016 1430 vero
1058 1375 1129 1430 de
1157 1372 1266 1448 Sp.
1298 1373 1608 1439 Mummio,
1642 1375 1743 1448 qui
1769 1371 1976 1430 floruit
2006 1375 2169 1428 circa

865 1467 925 1504 a.
956 1467 1016 1504 n.
1049 1467 1102 1507 c.
1133 1457 1284 1516 608„
1311 1450 1564 1523 cogitari
1590 1459 1807 1523 potest,
1837 1467 1974 1505 cum
2001 1448 2171 1505 Atel-

863 1523 1140 1581 lanarum
1167 1527 1433 1599 scriptor
1452 1540 1484 1577 a
1506 1521 1820 1581 Macrobio
1841 1532 1979 1600 post
1993 1523 2171 1580 Pom-

865 1604 1136 1676 ponium,
1169 1602 1272 1677 qui
1300 1602 1450 1656 vixit
1476 1617 1526 1655 a.
1546 1618 1605 1655 u.
1627 1619 1682 1655 c.
1710 1599 1865 1666 664..
1884 1609 2167 1675 ponatur.

940 1715 1013 1771 L.
1062 1713 1392 1780 Mummius,
1448 1711 1599 1769 falsa
1653 1712 1832 1769 lectio
1890 1731 2038 1788 pro;
2096 1711 2168 1768 L.

768 1770 777 1795 ⁹
863 1789 1144 1848 qumus.
1226 1788 1347 1845 Pro
1388 1787 1575 1845 domo
1608 1790 1706 1855 48,
1753 1792 1884 1847 125.

938 1902 1013 1960 L.
1039 1903 1335 1961 Mutunus
1366 1903 1692 1958 Auruncus.
1763 1901 1881 1967 Mi,
1924 1899 2171 1957 sicunde

864 1988 1075 2054 potes,
1120 1996 1330 2044 erues,
1418 1979 1479 2033 ui
1520 1977 1725 2033 decem
1763 1976 1943 2051 legati
1978 1976 2171 2032 Mum-

863 2055 985 2111 mio
1040 2054 1301 2119 fuerint3
1417 2052 1653 2126 olybius
1706 2071 1828 2108 non
1881 2052 2168 2108 nominat.

864 2129 996 2199 Ego
1049 2129 1292 2185 memini
1343 2127 1630 2184 Albinum
1683 2127 2062 2184 consularem
2116 2137 2171 2182 et

866 2203 974 2279 Sp.
996 2203 1364 2261 Mummium.
1406 2203 1630 2260 Videor
1660 2206 1896 2260 audisse
1924 2221 1998 2258 ex
2017 2202 2171 2258 Hor·
2206 2255 2207 2262 ,

811 2314 824 2332 .
862 2281 1092 2347 tensio,
1156 2279 1539 2336 Tuditanum.
1622 2277 1741 2336 Sed
1801 2279 1864 2334 iu
1920 2277 2171 2335 Libonis
2206 2328 2209 2339 ,,

2206 2340 2305 2396 “de
2342 2339 2493 2414 Rep.
2537 2348 2604 2405 1,
2650 2345 2756 2407 12,
2803 2348 2895 2400 18.
2944 2371 3007 2383 -
3052 2338 3162 2414 sp.
3197 2338 3558 2399 Mummium

864 2355 1070 2413 annali
1124 2354 1290 2412 XIV.
1356 2356 1528 2411 annis
1588 2365 1727 2429 post
1781 2366 2027 2428 praetor
2084 2363 2171 2409 est

861 2432 1055 2488 factus
1097 2431 1436 2487 Tuditanus
1489 2448 1668 2506 quam
1720 2432 1930 2486 consul
1977 2428 2171 2487 Mum·-

784 2567 793 2578 ,
862 2509 1057 2563 mins:
1103 2524 1223 2562 non
1267 2525 1411 2563 sane
1494 2505 1725 2562 uadrat.
1793 2505 1866 2561 ad
1906 2507 2032 2562 Att.
2078 2508 2168 2570 15,

860 2590 956 2649 30,
989 2590 1038 2642 3.
1083 2581 1173 2638 lb.
1204 2588 1299 2647 32.
1331 2587 1387 2641 ὃ.
1431 2583 1459 2639 1
1505 2620 1520 2636 .
1547 2586 1643 2650 53,
1673 2588 1728 2642 5.
1771 2579 1860 2636 lb.
1889 2581 2000 2656 Ep.
2030 2581 2087 2646 4,
2123 2592 2171 2640 1.

862 2659 977 2732 ΕΡ.
1008 2662 1063 2725 5,
1098 2665 1149 2716 1.
1204 2657 1292 2714 Ib.
1321 2657 1429 2732 Ep.
1456 2662 1514 2724 6,
1544 2660 1600 2715 4.
1645 2686 1706 2697 -
1751 2655 1822 2712 L.
1854 2656 2171 2714 Mummius

864 2734 1220 2793 Corinthum
1272 2734 1514 2789 sustulit
1561 2731 1858 2808 urbesque
1910 2734 2171 2790 Achaiae

861 2810 1264 2885 Boeotiaeque
1305 2809 1523 2866 multas
1565 2807 1677 2865 sub
1719 2810 2033 2884 imperium
2063 2827 2171 2883 po-

748 2899 753 2903 ·
883 2885 987 2942 »nli
1045 2886 1300 2942 Romani
1364 2886 1779 2960 dicionemque
1842 2883 2171 2940 subiunxit.

860 2906 1040 3021 'Vena
1064 2965 1347 3018 Accusat.
1382 2969 1437 3027 1,
1471 2968 1563 3026 21,
1597 2967 1686 3020 55.
1721 2989 1791 3001 —
1825 2961 1990 3032 Ager
2016 2963 2171 3035 opti-

860 3058 994 3097 mus
1049 3048 1108 3094 et
1146 3036 1663 3093 fructuosissimus
1707 3034 2057 3093 Corinthius
2098 3035 2169 3092 L.

862 3115 1130 3171 Mummii
1185 3115 1439 3186 imperio
1498 3131 1567 3168 ac
1607 3111 1893 3166 felicitate
1948 3111 2022 3167 ad
2065 3129 2209 3165 ve-„

861 3191 1099 3262 ctigalia
1141 3187 1346 3263 populi
1388 3188 1498 3243 Ro.
1546 3188 1867 3243 adiunctus
1909 3196 2020 3241 est.
2101 3186 2170 3242 dc

859 3265 990 3339 lege
1033 3284 1158 3334 agr.
1203 3273 1226 3320 1
1257 3304 1270 3327 ‚
1320 3270 1387 3328 2,
1433 3268 1486 3320 5.
1534 3293 1600 3304 -
1643 3262 1788 3317 Eius
1830 3262 2168 3336 triumphus

861 3340 934 3395 de
977 3339 1330 3396 Corinthiis.
1389 3356 1502 3411 pro
1531 3337 1784 3394 Murena
1828 3340 1920 3403 14,
1961 3343 2054 3396 31.
2097 3363 2168 3377 —

862 3415 1095 3473 Censor
1122 3435 1176 3469 a.
1211 3433 1269 3469 u.
1301 3430 1356 3468 c.
1385 3418 1514 3472 612.
1556 3431 1689 3468 cum
1720 3412 2013 3468 Africano
2053 3415 2169 3468 mi-

858 3509 1010 3547 nore
1070 3489 1282 3554 (Brut.
1331 3494 1434 3553 22,
1478 3493 1569 3546 85.
1636 3487 1709 3542 ad
1750 3490 1876 3543 Att.
1921 3491 2025 3553 16,
2072 3492 2162 3547 15.

857 3584 913 3623 c.
947 3570 1035 3634 2.)
1076 3565 1174 3620 Ti.
1207 3564 1519 3620 Claudium
1550 3561 1837 3629 Asellum,
1871 3580 2044 3639 quem
2072 3564 2166 3621 hic

859 3642 1158 3697 aerarium
1216 3641 1474 3704 fecerat,
1541 3640 1867 3712 ignominia
1925 3638 2164 3696 levavit.

861 3715 932 3773 de
962 3715 1070 3772 Or.
1101 3724 1156 3779 2,
1187 3718 1281 3781 66,
1314 3719 1445 3774 268.
1473 3745 1540 3756 -
1569 3714 1640 3770 L.
1673 3713 2013 3782 Mummius,
2048 3714 2168 3771 Co-

856 3793 1060 3848 rintho
1089 3790 1353 3846 funditus
1379 3787 1635 3855 sublata,
1678 3787 1911 3846 Italiam
1944 3810 2166 3847 ornare

857 3886 1039 3942 quam
1080 3866 1322 3921 domum
1362 3883 1528 3920 suam
1568 3864 1796 3920 maluit.
1856 3865 1929 3921 de
1957 3865 2079 3922 Off.
2107 3875 2162 3933 2,

856 3948 962 4008 22,
1009 3949 1099 4001 76.
1154 3971 1214 3984 —-
1261 3939 1514 3996 Verrem
1556 3957 1724 4005 esse,
1770 3943 1871 4016 qui
1915 3960 2050 3998 cum
2092 3941 2162 3998 L.

857 4017 1147 4076 Mummio
1188 4018 1423 4072 certet?
1478 4025 1543 4071 ut
1583 4014 1787 4089 plures
1829 4017 1923 4072 bic
1964 4020 2165 4074 socio-

854 4113 988 4152 rum
1033 4091 1210 4148 urbes
1251 4111 1425 4168 quam
1461 4090 1561 4145 ille
1591 4090 1849 4146 hostium
1877 4093 2165 4166 spoliasse

855 4169 1152 4234 videatur,
1199 4167 1402 4241 plures
1442 4167 1539 4223 bic
1581 4167 1752 4223 villas
1794 4173 2164 4226 ornamentis

855 4247 1133 4304 fanorum
1213 4263 1343 4299 uam
1372 4242 1470 4298 ille
1499 4243 1633 4298 fana
1671 4241 1878 4318 spoliis
1907 4246 2165 4302 hostium

854 4339 1126 4379 ornasse.

857 4396 932 4455 L.
979 4396 1300 4454 Mummius
1360 4395 1729 4451 ornamentis
1790 4394 2164 4470 (statuarum

854 4481 995 4541 cet.)
1050 4471 1272 4531 Urbem
1303 4469 1654 4546 Italiamque
1696 4488 1932 4527 omnem
1972 4472 2164 4528 reser-

855 4552 954 4607 sit.
1014 4548 1187 4606 Orat.
1221 4553 1314 4612 70,
1344 4551 1473 4605 232.
1511 4575 1572 4585 -
1609 4547 1678 4602 L.
1714 4543 2032 4604 Mummius
2061 4567 2164 4604 or-

828 4625 1153 4681 -·namentis
1196 4632 1526 4678 statuarum
1561 4621 1786 4679 Urbem
1812 4622 2163 4700 Italiamque

853 4719 1090 4756 omnem
1132 4700 1390 4756 refersit.
1448 4698 1690 4754 Cornel.
1735 4697 1811 4753 11.
1856 4699 1902 4754 F
1909 4719 2158 4771 ragnum.

853 4781 910 4833 8.
953 4796 1014 4852 p.
1047 4781 1176 4835 453.
1223 4804 1296 4819 -
1336 4773 1407 4830 L.
1442 4773 1793 4838 Mummius,
1838 4793 1972 4830 cum
2002 4776 2162 4831 Tbe-

854 4851 1094 4926 spiadas
1124 4849 1401 4924 (Musas),
1435 4868 1587 4925 quae
1609 4848 1681 4904 ad
1710 4849 1918 4905 aedem
1943 4850 1991 4907 F
1997 4851 2165 4907 elici-

852 4928 992 4982 ¹⁸²i⁸
1046 4937 1222 4992 sunt’
1280 4938 1597 5001 ‘eumque
1653 4925 1906 4998 ”mrum
1960 4928 2156 4997 εἰμὴ
2195 4959 2413 5031 torem
2436 4973 2761 5048 Hispaniae
2791 4976 3093 5031 ulterioris
3137 4995 3191 5031 a.
3220 4994 3281 5032 u.
3313 4997 3371 5035 c.
3405 4985 3540 5041 706.

853 5017 930 5056 ex
968 5002 1251 5077 Thespiis
1305 5001 1578 5070 tolleret,
1635 4998 1956 5056 Praxitelis
1996 5018 2160 5057 mar-

853 5092 1124 5132 moreum
1165 5077 1554 5152 Cupidinem,
1614 5075 1773 5152 quod
1829 5085 1961 5131 erat
2010 5094 2158 5132 con-

851 5160 1158 5219 secratus,
1202 5171 1325 5208 non
1366 5152 1582 5225 attigit.
1646 5150 1824 5207 Verr.
1869 5152 2152 5208 Accusat.

852 5225 920 5296 4,
963 5231 1031 5294 9,
1074 5226 1131 5282 4.
1174 5251 1244 5270 ·—
1283 5226 1430 5283 Eius
1469 5226 1863 5284 continentia.
1933 5226 2154 5286 Parad.

1251 4337 1372 4376 err.
1420 4320 1705 4375 Accusat.
1755 4323 1825 4382 5.
1878 4324 1945 4385 4,
1998 4327 2053 4379 9.
2098 4350 2160 4361 -
2200 4342 2201 4375 ς

1160 594 1287 693 ἰ.
1335 626 1799 694 nummus
1844 660 1925 675 --
1970 624 2122 694 (ΞΝ.
2167 627 3220 711 (MUNAT1US)PLANCUS.
3287 587 3305 597 ’

2236 776 2292 834 5,
2321 778 2379 836 2,
2411 777 2504 833 58.
2527 800 2602 815 -
2623 769 2747 829 Csr.
2772 769 3221 829 Pseudoascon.
3243 771 3311 830 iu
3327 771 3564 831 Actu.

2234 844 2410 902 Verr.
2450 865 2512 920 p.
2546 853 2675 907 175.
2718 876 2794 891 -
2844 846 3041 904 Homo
3078 849 3195 905 fuit
3235 848 3564 924 popularis

2235 931 2294 977 et
2320 921 2501 978 mitis.
2554 920 2682 980 cfr.
2706 923 2890 979 Dion.
2915 922 3084 981 Cass.
3106 923 3263 983 Exe.
3285 923 3563 982 Peiresc.

2234 996 2309 1053 T.
2339 997 2389 1053 1.
2434 1015 2496 1071 p.
2525 1001 2616 1056 17.
2698 996 2902 1055 Sturz.

2308 1090 2390 1147 M.
2435 1090 2730 1148 Munianus
2789 1103 3038 1169 praetor
3094 1112 3151 1150 a.
3198 1111 3266 1151 u.
3317 1111 3375 1151 c.
3427 1099 3561 1156 684.

2208 1164 2409 1224 'Vena
2440 1168 2724 1224 Accusat.
2770 1172 2827 1235 5,
2874 1175 2968 1235 53.
3015 1175 3145 1230 123.

2304 1260 2374 1317 Ρ.
2442 1260 2739 1318 Mummius
2761 1301 2778 1328 ,
2858 1263 3183 1330 „cuiusvis
3253 1266 3558 1341 temporis

2231 1336 2467 1392 homost
2523 1336 2594 1392 de
2623 1335 2734 1394 Or.
2775 1345 2832 1404 2,
2856 1342 2954 1404 67,
2990 1345 3122 1406 71.;
3168 1337 3281 1395 ubi
3308 1339 3561 1397 Lambi-

2234 1431 2345 1469 nus
2373 1410 2516 1487 legit
2542 1414 2635 1484 Sp.
2657 1414 3013 1482 Mummium,
3054 1425 3121 1471 ut
3147 1416 3229 1471 sit
3258 1414 3331 1472 L.
3353 1416 3561 1475 Mum-

2233 1489 2336 1545 mii
2374 1489 2626 1546 Achaici
2663 1489 2869 1546 frater.

2307 1582 2413 1658 Sp.
2428 1582 2741 1648 Mummius,
2754 1583 2941 1640 frater
2951 1582 3023 1640 L.
3041 1584 3320 1642 Mummii
3333 1584 3558 1643 Achai-

2230 1661 2307 1717 ci.
2363 1658 2496 1716 Mos
2536 1659 2663 1715 eius
2704 1678 2951 1717 aversus
2994 1679 3030 1715 a
3070 1662 3313 1717 ratione
3355 1680 3554 1736 popu-

2228 1735 2367 1792 lari.
2425 1735 2498 1790 de
2525 1734 2675 1807 Rep.
2718 1742 2775 1803 3,
2815 1740 2907 1800 35,
2938 1735 3035 1795 47.
3087 1767 3150 1779 -
3194 1734 3363 1794 Odio
3406 1738 3553 1793 rhe-

2230 1823 2427 1868 torum
2466 1808 2749 1869 imbutus.
2806 1809 2958 1868 Ibid.
3001 1816 3060 1874 5,
3091 1816 3148 1878 9,
3184 1819 3285 1872 11.
3329 1841 3409 1856 —-
3449 1812 3555 1887 Sp.

2231 1887 2585 1953 Mummius,
2645 1888 2869 1943 ainicus
2911 1886 2981 1943 P.
3028 1885 3344 1963 Scipionis
3389 1891 3558 1945 Atri-

2231 1962 2368 2019 cani
2413 1962 2689 2018 minoris.
2748 1961 2913 2019 Lael.
2955 1968 3050 2029 19,
3096 1967 3191 2022 69.
3250 1962 3416 2020 lbid.
3459 1971 3550 2032 27,

2234 2047 2359 2097 101.
2420 2065 2482 2077 ·-
2542 2036 2803 2108 Legatus
2854 2039 3084 2094 fratris.
3165 2036 3245 2093 ad
3288 2041 3422 2096 Att.
3461 2046 3552 2106 13.

2231 2120 2325 2180 50,
2369 2118 2423 2172 3.
2480 2141 2556 2156 -
2611 2110 2654 2169 S
2704 2156 2718 2170 .
2764 2114 3085 2171 Mummius
3142 2113 3408 2189 loquens
3464 2116 3559 2172 in·

2231 2189 2471 2245 ducitur
2511 2191 2575 2245 in
2612 2187 2655 2244 li
2699 2191 2785 2246 ris
2831 2188 2904 2245 de
2944 2207 3012 2245 re
3052 2185 3324 2263 publica.
3404 2190 3556 2247 Eum

2230 2267 2294 2321 in
2347 2265 2557 2336 primis
2614 2261 2897 2339 diligebat
2935 2264 3268 2320 Africanus
3327 2268 3552 2324 minor.

2234 2425 2509 2490 putaram
2549 2418 2613 2472 in
2653 2416 2855 2472 decem
2882 2415 3097 2488 legatis
3140 2414 3243 2482 (L.
3277 2416 3555 2474 Mummii

2233 2493 2292 2547 in
2364 2489 2585 2547 bellum
2650 2493 2982 2549 Achaicum
3060 2487 3551 2566 proficiscentis)

2232 2568 2434 2623 fuisse.
2528 2565 2800 2643 Εὑλογον
2859 2567 3040 2623 fratri
3106 2567 3316 2624 fuisse.
3413 2567 3553 2624 Fuit

2232 2644 2391 2698 enim
2431 2641 2506 2698 ad
2545 2641 2914 2700 Corinthum.
2969 2643 3043 2698 ad
3079 2643 3206 2698 Att.
3246 2649 3342 2707 13.
3383 2648 3446 2707 5,
3495 2657 3549 2701 1.

2231 2748 2306 2762 -
2349 2717 2493 2774 Eius
2535 2719 2823 2793 epistolae
2865 2717 3185 2774 versiculis
3227 2718 3440 2776 facetis
3469 2719 3552 2776 ad

2232 2792 2559 2850 familiares
2599 2796 2815 2850 missae
2855 2812 2885 2848 a
2918 2792 3239 2850 Corintho.
3298 2792 3383 2851 lb.
3424 2793 3545 2868 Ep.

2235 2877 2288 2935 6,
2301 2870 2355 2926 4.
2382 2867 2817 2936 (Memorabilis
2835 2868 3000 2926 locus
3026 2868 3099 2925 de
3116 2868 3387 2945 epistolis
3403 2872 3553 2944 poe·-

2233 2944 3550 3094 35:⁵⁹..2¹:2¹‘31‘33‘3'5Joe0‘322232335³}

2233 3095 2577 3161 Mummius,
2621 3095 3039 3152 Atellanarum
3080 3098 3375 3170 scriptor,
3422 3112 3553 3152 me-

2230 3181 2501 3228 moratur
2566 3190 2600 3225 a
2665 3171 2942 3229 Charisio
3007 3190 3065 3245 Ρ.
3129 3178 3260 3230 118.
3357 3172 3427 3228 Ρ.
3492 3180 3552 3224 et

2229 3246 2542 3303 Prisciano
2574 3257 2664 3312 10,
2696 3252 2753 3306 9.
2798 3267 2856 3322 Ρ.
2886 3248 3011 3305 514.
3068 3246 3283 3303 Krehl.
3366 3244 3550 3322 Apud

2229 3321 2501 3379 Macrob.
2552 3336 2617 3388 1,
2663 3331 2753 3380 10.
2814 3322 3053 3399 quidem
3108 3341 3225 3397 pro
3268 3324 3550 3376 Mummio

2227 3409 2318 3453 est
2345 3399 2648 3451 Memmius
2687 3416 2902 3454 nomen
2944 3399 3066 3453 scri
3114 3397 3271 3454 toris
3319 3399 3550 3455 Atella-

2227 3491 2459 3529 narum.
2516 3472 2606 3528 Ib.
2649 3473 2761 3548 ΕΡ.
2794 3481 2889 3541 30,
2920 3480 2976 3535 3.
3093 3474 3188 3530 ide
3219 3473 3545 3530 Mutunus.

2302 3574 2408 3651 Sp.
2441 3576 2760 3645 Mummius,
2798 3595 3009 3652 nepos,
3043 3587 3110 3633 ut
3137 3576 3406 3645 videtur,
3440 3577 3548 3650 Sp.

2228 3652 2513 3719 Mummii,
2557 3654 2762 3710 fratris
2790 3653 2861 3710 L.
2896 3652 3164 3709 Mummii
3207 3654 3544 3726 (Achaici).

2227 3728 2419 3802 Saepe
2450 3730 2544 3785 bic
2573 3727 2850 3804 Spurius,
2896 3731 2998 3803 qui
3030 3745 3229 3803 nuper
3259 3740 3353 3785 est
3381 3748 3550 3786 mor-

2225 3816 2359 3860 tuus
2388 3802 2551 3876 (ante
2578 3824 2632 3860 a.
2670 3807 2854 3876 709.),
2899 3804 3183 3878 epistolas
3213 3804 3366 3860 mihi
3402 3822 3550 3879 pro-

2226 3878 2542 3935 nuntiabat
2579 3881 2896 3936 versiculis
2935 3879 3144 3936 facetis
3192 3885 3270 3948 (a
3316 3878 3549 3954 Spurio

2225 3954 2327 4011 illo
2381 3973 2494 4010 avo
2546 3961 2692 4022 suo)
2748 3955 2820 4010 ad
2874 3954 3200 4011 familiares
3252 3957 3473 4012 missas
3515 3976 3547 4011 a

2226 4029 2540 4087 Corintho.
2623 4032 2698 4088 ad
2741 4033 2867 4087 Att.
2913 4038 3005 4097 13,
3048 4035 3107 4096 6,
3151 4033 3206 4089 4.

2301 4133 2659 4201 Musa-rurs,
2722 4134 2899 4189 homo
2945 4132 3256 4208 perditus,
3316 4133 3549 4193 sodalis

2225 4208 2542 4266 Catilinae.
2625 4212 2683 4266 in
2728 4207 2903 4266 Catil.
2948 4217 3001 4276 2,
3048 4217 3103 4276 2,
3147 4212 3203 4268 4.

2300 4313 2621 4370 Minna-ms
2674 4312 2869 4388 Philip
2919 4353 2935 4368 .
2979 4321 3072 4381 13,
3119 4321 3178 4380 2,
3226 4321 3285 4371 2.
3329 4326 3420 4371 est
3462 4315 3543 4372 T.

2226 4388 2528 4445 Munatius
2569 4389 2829 4445 Plancus
2925 4406 3087 4445 ursa.

2300 4491 2365 4550 C.
2396 4491 2740 4558 Meum-ms,
2777 4493 2953 4548 homo
2984 4494 3249 4567 ignotus.
3287 4495 3408 4551 nisi
3438 4515 3547 4552 er-

2223 4587 2329 4625 ror
2368 4579 2458 4623 est
2500 4570 2558 4623 in
2599 4569 3025 4643 praenomine,
3071 4577 3139 4623 ut
3178 4571 3260 4625 sit
3301 4571 3398 4627 vel
3442 4574 3550 4628 Cn.

2222 4645 2319 4700 vel
2358 4645 2419 4698 L.
2500 4643 2597 4699 Ad
2649 4662 2784 4700 eum
2828 4653 2922 4699 est
2960 4643 3071 4718 Ep.
3116 4652 3211 4704 60.
3259 4645 3398 4702 Lib.
3448 4654 3546 4709 15.

2221 4719 2295 4776 ad
2337 4719 2501 4775 Fam.
2546 4719 3063 4776 commendaticia.

2297 4822 2621 4879 Musa-rius
2662 4823 2708 4878 F
2716 4841 2960 4887 caccus,
3005 4841 3162 4879 unus
3204 4822 3281 4881 de
3325 4828 3549 4884 coniu-

2221 4901 2369 4956 ratis
2409 4899 2469 4954 iu
2512 4896 2588 4969 Q.
2629 4898 2902 4956 Cassium
2944 4899 3315 4975 Longinum,
3361 4922 3545 4979 prae-

2218 5050 2369 5108 Bell.
2414 5050 2591 5106 Alex.
2638 5055 2731 5109 52.
2807 5136 2819 5142 υ

2293 5153 2402 5211 Cn.
2447 5153 2847 5222 (Munatius)
2885 5154 3165 5211 Punicus
3208 5155 3396 5224 (idem
3439 5160 3542 5235 qui

2191 5252 2192 5259 ¹
2213 5247 2331 5305 pro
2371 5228 2649 5287 Cluentio
2689 5234 2786 5299 ⁵1ae
2823 5234 2955 5289 140.
2997 5231 3062 5287 ia
3099 5230 3349 5308 volgata
3388 5231 3534 5292 lecti
