4367 6084
806 625 928 692 156
1097 624 1113 732 J
1141 624 1230 695 c.
1279 620 1581 693 MAnc.
1627 592 2216 692 Asssssnmuus
2258 656 2339 674 -
2385 622 2496 688 M.
2542 618 3153 690 maneamus.

804 765 962 824 lerat
1002 777 1139 824 ante
1176 778 1412 842 teinpus
1449 764 1522 822 de
1551 763 1826 822 Caesaris
1856 765 2112 840 provin-2
2165 743 2345 821 lectio
2410 781 2561 841 prot
2646 764 2732 823 Μ.
2798 762 3123 821 Marcellus
3188 763 3486 822 Aeserni-

806 845 940 909 ciis,
980 843 1414 918 sententiisque
1445 841 1643 909 dictis,
1681 841 2108 897 discessionem
2173 860 2305 896 nus.

803 919 1062 976 faciente
1126 916 1447 984 Marcello,
1517 917 1622 994 qui
1692 915 1807 973 sibi
1873 934 2104 972 omnem

803 993 865 1051 di
913 997 1157 1051 nitatem
1206 1011 1281 1049 ex
1321 989 1600 1049 Caesaris
1654 991 1879 1050 invidia
1926 1010 2108 1067 quae-

803 1087 871 1126 re
918 1080 999 1135 at,
1043 1078 1287 1125 senatus
1324 1069 1612 1145 frequens
1653 1069 1715 1124 in
1758 1069 1872 1124 alia
1905 1072 2104 1124 omnia

803 1146 1065 1201 transiit.
1116 1141 1268 1200 Bell.
1308 1142 1465 1200 Gall.
1507 1149 1566 1210 8,
1610 1147 1704 1204 55.
1749 1173 1821 1186 —-
1862 1142 2104 1207 Caesar,

803 1237 939 1277 cum
966 1221 1028 1276 in
1055 1218 1288 1279 Italiam
1324 1221 1613 1285 venisset,
1657 1221 1971 1293 cognoscit
1996 1236 2106 1295 per

803 1293 870 1354 C.
901 1293 1254 1352 Marcellum
1282 1312 1406 1352 cos.
1442 1294 1498 1350 le
1543 1296 1711 1351 iones
1751 1295 1897 1350 duas
1937 1292 2013 1351 ab
2044 1316 2106 1348 se.

799 1386 1151 1504 {willam
1173 1388 1441 1502 uffa?
1452 1445 1623 1512 duci,
1665 1442 1774 1502 Cu.
1814 1445 2104 1520 Pompeio

801 1520 1129 1578 transilitas
1164 1531 1342 1598 atque
1377 1523 1438 1577 in
1465 1521 1633 1578 Italia
1661 1531 1926 1577 retentas
1955 1539 2107 1577 esse.v
2164 1524 2367 1600 Magn'

2245 956 2311 1012 [Ξῖ.
2338 953 2699 1031 (Cianum)
2736 953 3106 1011 Maternus
3150 951 3234 1010 M.
3260 953 3331 1010 F.
3366 951 3487 1011 Ca-

2168 1032 2501 1098 tili-:arian
2546 1048 2682 1087 cum
2722 1031 2773 1087 is
2813 1046 2934 1086 nou
2978 1028 3245 1104 Capuam
3285 1028 3483 1086 solum

2168 1112 2449 1172 uenisset,
2496 1124 2707 1162 verum
2745 1107 2927 1162 etiam
2971 1122 3036 1160 se
3072 1107 3239 1181 quasi
3277 1123 3482 1161 armo-

2168 1200 2297 1240 rum
2330 1181 2531 1240 studio
2566 1183 2629 1238 iu
2662 1183 2979 1239 maximam
3011 1179 3300 1237 familiam
3328 1199 3482 1238 con-

2164 1260 2435 1326 iecisset,
2493 1254 3013 1315 exterminandum
3058 1273 3134 1311 ex
3180 1255 3284 1311 illa
3326 1254 3480 1314 urbe

1535 1411 1544 1418 ,
1588 1368 1655 1428 ρ,
1702 1368 1992 1426 deberent
2030 1370 2100 1424 ad
2160 1337 2397 1392 curavit
2434 1333 2505 1391 P.
2549 1332 2805 1391 Sestius.
2887 1335 2998 1408 pro
3039 1329 3241 1389 Sestio
3278 1334 3339 1400 4,
3382 1338 3459 1391 9..

2483 1464 2699 1503 sumus
2770 1445 2856 1503 Μ.
2925 1443 2997 1501 F.
3069 1443 3469 1502 Manctums.

2544 1540 2576 1578 e
2638 1521 2825 1578 animi
2875 1519 3134 1577 excellit.
3212 1519 3285 1576 de
3348 1518 3474 1578 Off.

2237 1448 2321 1504 M.
2391 1508 2396 1515 ,

802 1596 896 1654 lb.
928 1601 1020 1656 55.
1065 1627 1138 1640 -
1176 1595 1246 1654 C.
1287 1596 1572 1654 Claudius
1613 1596 1933 1653 Marcellus
1974 1614 2100 1664 cus.
2173 1612 2229 1664 Ι,
2301 1605 2404 1664 18,
2435 1592 2563 1657 ¹lit.
2624 1626 2686 1637 —
2730 1597 2894 1655 Acer
2950 1604 3010 1652 et
3069 1613 3337 1671 pugnax.
3403 1595 3478 1652 de

722 1681 731 1690 ”
803 1692 860 1730 a.
891 1691 950 1729 ιι.
980 1689 1035 1728 c.
1066 1677 1198 1732 705.
1244 1671 1665 1748 Pompeianus.
1720 1671 1946 1730 Caesar
1974 1670 2104 1729 Civ-
2168 1676 2311 1751 Rep.
2359 1679 2429 1740 5,
2471 1679 2542 1740 8,
2588 1679 2679 1732 10.
2724 1701 2787 1713 -
2830 1671 2900 1730 Ῑιι
2927 1671 3125 1746 primo
3156 1669 3477 1727 consulatu

803 1756 872 1813 1,
917 1751 972 1807 6.
1051 1747 1144 1804 Ex
1185 1745 1335 1803 urbe

799 1822 966 1882 Fam.
995 1828 1049 1887 7.
1077 1827 1132 1886 5.
1167 1833 1217 1882 1.
1261 1853 1331 1866 -

1370 1747 1661 1880 grofugit.
1723 1745 1812 1804 Ib.
1852 1748 1944 1806 14.
2031 1748 2115 1804 ad·
2164 1760 2253 1816 [a.
2309 1768 2369 1806 u.
2427 1765 2482 1805 c.
2537 1753 2707 1815 532.)
2769 1747 3063 1804 Gaesatas
3124 1743 3477 1821 profligavit

1423 1862 1436 1876 .
1465 1821 1812 1887 Marcellus,
1845 1822 1914 1881 L.
1941 1821 2104 1879 Len*
2164 1842 2485 1902 eni-umque
2531 1821 2743 1880 ducem
2783 1822 3207 1880 virdomarum
3248 1823 3477 1880 occidit

801 1898 984 1966 tulus,
1025 1898 1144 1954 duo
1177 1898 1457 1955 consules
1491 1899 1838 1956 amicissimi
1878 1901 2104 1973 patriae
2164 1908 2289 1979 ipse
2330 1910 2435 1972 ,et
2478 1900 2653 1970 tertia
2700 1909 2838 1974 post
2878 1897 3195 1955 Romulum
3234 1909 3469 1972 patrem

802 1974 981 2032 simul
1022 1992 1097 2029 ex
1123 1973 1291 2030 Italia
1333 1975 1528 2032 eiecti.
1583 1973 1842 2050 Philipp.
1887 1981 1978 2042 15,
2010 1980 2104 2036 1⁸1.
2164 1977 2435 2035 Feretrio
2475 1975 2608 2032 Iovi
2634 1993 2803 2031 arma
2840 1974 2993 2048 (sive
3019 1973 3210 2049 spolia
3244 1979 3469 2048 opima)

786 2056 900 2110 29.
948 2078 1009 2090 -·
1053 2048 1214 2107 Cave
1266 2059 1436 2124 putes
1481 2051 1808 2184 quidguam
1851 2050 2104 2107 minoris
2164 2046 2532 2128 sus1=endit.”

801 2202 1078 2267 venturi,
1122 2200 1362 2266 inanes,
1409 2138 2104 2277 imparati-puzgtAtgass}
2164 2132 2451 2260 ggii-:unz

802 2143 935 2182 esse
1000 2125 1092 2181 his
1159 2123 1528 2182 consulibus.

2611 2050 2863 2115 Flo'rus,
2922 2057 2992 2115 2,
3059 2051 3131 2117 4,
3188 2053 3245 2108 5.
3336 2047 3472 2107 Huc

2549 2133 2737 2182 ‘ueus
2784 2126 2991 2182 locus=
3034 2154 3108 2168 —
3148 2123 3473 2182 Marcellus

2550 2199 2865 2267 astidium,
2910 2216 3033 2256 non
3070 2201 3257 2256 iratus
3286 2201 3467 2257 hosti.

802 2283 898 2343 20,
931 2283 984 2332 1.
1033 2304 1094 2315 -
1139 2263 1300 2331 Nihil
1343 2277 1402 2332 in
1441 2271 1818 2333 consulibus.
1864 2274 1957 2332 Ib.
1987 2275 2100 2348 Ep.
2164 2278 2407 2336 Tuscul.
2454 2282 2522 2345 4,
2572 2284 2679 2347 22,
2724 2279 2820 2335 49.
2882 2304 2943 2316 -
3009 2273 3091 2332 Μ.
3144 2274 3467 2332 Marcellus

801 2357 899 2418 21,
931 2361 986 2410 1.
1029 2380 1102 2398 -·
1141 2349 1339 2410 Unum
1368 2351 1435 2409 C.
1463 2349 1812 2409 Marcellum
1843 2356 2100 2427 cognovi
2164 2356 2261 2412 ille

2320 2353 2638 2431 quinquies
2704 2351 2915 2408 consul
2962 2349 3058 2426 (a.
3114 2369 3175 2407 u.
3233 2369 3286 2406 c.
3339 2356 3469 2412 552.

803 2424 940 2486 Ser.
985 2423 1255 2500 Sulpicio
1290 2425 1690 2495 timidiorem,
1735 2444 1910 2505 quem
1949 2445 2092 2484 con*
2164 2430 2370 2500 [5394
2417 2434 2548 2489 510.
2597 2427 2728 2487 544.
2761 2423 2924 2494 546.)
2968 2444 3047 2482 ex
3090 2425 3469 2484 acuminibus

801 2500 992 2560 sulem
1016 2502 1201 2561 fuisse
1228 2505 1513 2577 poenitet.
1576 2497 1642 2561 ’.Ω
1672 2506 1897 2564 ποιλΐς
1921 2502 2100 2581 ἁγεν-
2160 2508 2273 2576 [al.
2312 2523 2342 2561 e
2389 2501 2875 2576 cacuminibus),
2930 2500 3089 2579 quod
3129 2510 3318 2559 totum
3359 2521 3464 2558 au-

727 2578 734 2587 ’
803 2577 996 2641 retae!
1039 2577 1691 2655 quietiamAntonium
1711 2596 1826 2635 con
1877 2595 2102 2634 rmasse
2160 2582 2417 2656 squirium
2474 2580 2731 2636 militare
2784 2587 2909 2644 est,
2975 2586 3166 2634 totum
3221 2578 3459 2643 omisit,

801 2651 1056 2719 dicitur,
1112 2662 1177 2708 ut
1228 2671 1322 2710 me
1367 2653 1718 2729 impediret3
1781 2672 1900 2731 quo
1947 2655 2100 2785 ipse.
2164 2660 2316 2713 idem
2346 2658 2705 2742 imperator,
2754 2651 2911 2710 idem
2948 2671 3143 2728 augur
3179 2653 3467 2728 optimus.
3560 2654 3572 2667 '

802 2728 1006 2793 credo,
1048 2727 1359 2785 honestius
1389 2735 1757 2802 (remaneret
1789 2733 1851 2787 in
1885 2729 1972 2785 Ita
2000 2732 2100 2792 ia).

800 2804 876 2861 ad
910 2804 1038 2860 Αιι.
1085 2812 1174 2870 10,
1209 2810 1300 2870 15,
1337 2813 1393 2863 2.
1441 2830 1511 2845 —
1550 2806 1677 2864 Ct'r'.
1724 2806 1795 2861 ad
1837 2804 1962 2861 Ait.
2007 2812 2099 2867 15.

801 2882 870 2947 5,
917 2889 970 2938 1.
1027 2878 1180 2936 Vide
1228 2881 1406 2936 etiam
1452 2880 1520 2937 1..
1563 2880 1902 2939 Consanus
1930 2879 2136 2948 ,ιω-ι

802 2973 994 3012 tutus
1035 2953 1214 3014 Caus.
1281 2954 1433 3013 Cum
1471 2955 1758 3032 Pompeio
1798 2966 1929 3012 erat
1968 2974 2017 3011 a.
2048 2976 2125 3016 u.¹

802 3048 859 3087 c.
892 3035 1020 3090 705.
1080 3032 1154 3086 ad
1192 3031 1316 3087 Att.
1351 3041 1406 3098 8,
1447 3037 1536 3088 12.
1563 3034 1676 3098 Α.,
1710 3035 1767 3091 4.
1812 3062 1885 3076 —-
1924 3031 2001 3088 A.
2040 3050 2096 3084 11.

800 3123 855 3163 c.
915 3110 1043 3166 705.
1107 3105 1180 3160 de
1235 3103 1440 3163 Sicilia
1495 3107 1748 3183 petenda
1803 3105 2100 3183 cogitabat

799 3191 902 3237 aut
943 3179 1093 3237 bene
1132 3178 1470 3237 simulabat.
1527 3183 1598 3238 ad
1628 3184 1756 3238 Att.
1800 3194 1886 3246 10,
1926 3191 2011 3248 12,
2044 3188 2096 3240 Ξ.

799 3255 893 3315 lb.
938 3255 1047 3330 Ep.
1081 3259 1170 3323 15,
1198 3265 1250 3314 2.
1297 3285 1359 3297 -
1407 3257 1652 3315 Rhodiis
1681 3258 1953 3333 Pompeii
1996 3277 2100 3313 na-

798 3330 975 3389 vibus
1001 3342 1281 3407 praeerat
1306 3352 1357 3388 a.
1382 3350 1439 3388 u.
1465 3352 1517 3390 c.
1541 3339 1671 3394 705.
1730 3333 1952 3392 Caesar
1972 3330 2096 3390 civ.

799 3411 857 3475 3,
889 3413 945 3468 5.
987 3437 1063 3450 —
1103 3406 1167 3465 C.
1208 3406 1535 3465 Marcellus
1575 3427 1638 3464 se
1678 3411 1736 3465 in
1779 3419 1989 3465 senatu
2025 3408 2096 3464 ad

800 3480 1077 3541 Caesaris
1104 3481 1288 3558 pedes
1317 3481 1555 3552 abiecit,
1594 3495 1657 3542 ut
1688 3484 1897 3542 Marco
1926 3485 2096 3541 frati-i

786 3560 1030 3639 ‘reditus
1069 3556 1528 3616 concederetur.
1605 3567 1701 3628 (a.
1746 3579 1803 3616 ιι.
1843 3579 1897 3616 c.
1943 3560 2100 3624 708.)

800 3632 874 3689 ad
906 3632 1065 3689 Fam.
1100 3634 1157 3699 4,
1195 3633 1251 3699 4,
1291 3638 1346 3695 3.
1406 3633 1555 3692 Ibid.
1583 3641 1640 3699 7,
1669 3640 1724 3696 6.
1777 3635 1929 3692 Ibid.
1960 3639 2018 3700 9,
2052 3640 2100 3692 ἳ-

796 3707 952 3765 Ibid.
985 3718 1078 3772 11,
1114 3721 1164 3765 1.
1208 3739 1280 3752 —-
1321 3708 1389 3767 C.
1423 3710 1767 3775 Marcellus,
1805 3714 1901 3768 vir
1933 3728 2121 3780 coin-¹

798 3780 1170 3839 memorabili
1222 3787 1440 3858 pietate
1492 3787 1836 3861 praeditus,
1887 3786 2068 3858 depr-c

799 3870 970 3916 catus
1018 3867 1109 3915 est
1210 3878 1279 3915 ro
1333 3860 1541 3919 Marco
1591 3862 1809 3930 fratre,
1839 3901 1845 3912 .
1873 3859 2096 3918 exsule.

798 3952 911 4009 pro
953 3933 1155 3990 Marce
1182 3936 1237 3990 lo
1280 3939 1345 4000 4,
1393 3945 1482 3996 1ο.
1543 3935 1698 3994 Ibid.
1750 3947 1848 4003 11.
1894 3943 1987 3996 δί.
2036 3964 2096 3976 -—

799 4009 868 4068 C.
920 4009 1240 4066 Marcellus
1297 4011 1585 4068 Aricinae
1651 4011 1834 4071 filiam
1894 4011 2096 4069 habuit

799 4103 1070 4143 uxorem.
1114 4085 1374 4162 Philipp.
1397 4092 1453 4151 3.
1479 4096 1536 4150 6.
1566 4094 1654 4146 17.
1708 4088 1776 4144 Id
1801 4098 1892 4144 est
1917 4085 2092 4145 Octa-

799 4165 991 4226 viam,
1070 4158 1347 4219 Caesaris
1412 4162 1732 4223 Octaviani
1799 4181 2092 4224 sororem,

796 4238 972 4294 Atiae
1001 4233 1206 4304 filiam,
1248 4256 1323 4294 ex
1350 4257 1462 4316 qua
1491 4241 1705 4313 genuit*
1725 4238 2092 4304 Marcellum,

797 4315 966 4371 cuius
993 4325 1439 4388 praematurum
1479 4314 1707 4372 obitum
1745 4313 1925 4372 deflet
1965 4314 2096 4372 Vir-

796 4389 972 4465 gilius
1012 4388 1166 4445 Aen.
1201 4392 1286 4456 (3,
1327 4396 1458 4449 861.
1506 4419 1574 4433 —-
1617 4390 1691 4446 Ei
1729 4391 2096 4448 Octavianus

797 4463 1033 4520 deditus
1072 4482 1203 4521 esse
1229 4463 1569 4521 videbatur.
1629 4472 1712 4534 (a.
1748 4487 1810 4522 ιι.
1847 4486 1901 4524 c.
1941 4473 2096 4532 71041

794 4538 870 4599 sd
909 4539 1037 4595 Att.
1079 4545 1183 4604 15.
1236 4547 1321 4598 12.
1382 4568 1444 4580 -
1504 4539 1826 4598 Marcellus
1865 4542 2096 4600 Pansae

795 4626 856 4673 et
906 4614 1106 4672 Hirtio
1158 4634 1280 4672 non
1332 4618 1507 4672 nimis
1555 4617 1861 4676 credebat.
1941 4616 2092 4674 Ibinl.

801 4719 869 4733 —
905 4689 1130 4750 Cautus
1156 4691 1500 4749 Marcellus.
1560 4691 1646 4748 lb.
1677 4693 1784 4768 Ep.
1808 4700 1900 4761 15,
1927 4701 1981 4755 5.
2036 4724 2092 4732 -

2160 2732 2233 2788 de
2293 2731 2496 2788 Divin.
2566 2737 2635 2798 2,
2793 2771 2809 2795 ,
2868 2734 2961 2789 77.
3006 2758 3080 2772 -
3117 2726 3467 2786 Secundum

2160 2810 2285 2864 eius
2317 2807 2611 2882 proelium
2677 2868 2682 2875 ,
2723 2800 2973 2877 fialam.
3018 2804 3103 2878 (ae
3132 2822 3192 2860 ιι.
3222 2823 3276 2862 c.
3306 2803 3464 2877 559.)

2164 2884 2334 2940 Brut.
2398 2889 2466 2949 5,
2530 2889 2621 2939 12.
2687 2904 2755 2925 ο·-
2817 2877 3190 2953 Syracusas,
3254 2878 3465 2935 urbem

2164 2960 2606 3016 nrimtissimam
2666 2957 2847 3030 cepit.
2917 2964 3011 3022 (a.
3071 2973 3129 3010 ιι.
3188 2974 3244 3011 c.
3300 2958 3464 3022 542.)

2164 3036 2339 3091 verr.
2380 3034 2662 3091 Accusat.
2706 3044 2769 3096 ι,
2810 3039 2920 3098 21,
2965 3035 3057 3090 55.
3093 3058 3162 3071 -
3189 3029 3270 3086 Μ.
3297 3028 3469 3086 Mar-

2160 3112 2380 3175 cellus,
2431 3111 2601 3165 cuius
2648 3108 2868 3163 virtute
2921 3114 3166 3182 captae,
3222 3105 3471 3162 miseri-

2164 3184 2370 3241 eni-dia
2399 3193 2821 3249 ,conservatae
2887 3193 3029 3238 sunt
3096 3180 3464 3255 Syracusae,

2164 3263 2431 3317 habitare
2476 3261 2537 3316 in
2580 3277 2648 3313 ea
2695 3267 2866 3333 parte
2911 3255 3115 3324 urbis,
3171 3274 3322 3334 quae
3371 3258 3471 3312 in-

2160 3340 2289 3392 sula
2358 3344 2482 3400 est,
2565 3331 3093 3407 Syracusanorum
3166 3334 3467 3388 neminem

2164 3412 2363 3468 valuit.
2442 3410 2620 3468 Verr.
2668 3411 2951 3465 Accusat.
2997 3413 3067 3473 5,
3111 3412 3218 3474 52,
3263 3410 3356 3468 8’1.
3398 3434 3467 3450 -

2164 3488 2237 3544 M.
2283 3486 2636 3552 Marcellus,
2692 3486 2864 3541 cuius
2911 3485 2975 3540 in
3018 3481 3223 3541 Sicilia
3270 3483 3467 3540 virtu-

2160 3576 2277 3620 tem
2307 3563 2539 3626 hostes,
2573 3557 3046 3617 misericordiam
3073 3560 3249 3624 victi,
3286 3555 3465 3616 fidem

2156 3639 2342 3695 ceteri
2370 3636 2559 3695 Siculi
2601 3653 2739 3712 pers
2786 3643 3074 3703 exerunt,
3120 3652 3241 3690 nou
3268 3633 3464 3690 solum

2159 3720 2340 3769 suciis
2403 3715 2465 3769 in
2522 3731 2594 3769 eo
2651 3710 2807 3768 belo
2857 3710 3194 3776 consuluit,
3255 3727 3465 3765 verum

2156 3792 2334 3844 etiaim
2380 3788 2683 3863 superatis
2741 3784 3009 3843 hostibus
3069 3785 3461 3860 temperavit3

2156 3864 2495 3936 Syracusas
2548 3881 2683 3920 cum
2736 3864 2797 3919 vi
2846 3861 3218 3938 consilioque
3264 3861 3466 3934 cepis-

2160 3954 2281 4004 set,
2363 3958 2485 3995 non
2561 3939 2754 3994 solum
2834 3935 3162 3994 incolumes
3245 3952 3465 4011 passus

2156 4028 2245 4072 cat
2289 4033 2455 4082 esse,
2505 4014 2609 4070 sed
2658 4016 2735 4070 ita
2775 4013 3018 4089 reliquit
3061 4020 3345 4075 ornatas,
3399 4019 3466 4066 ut

2156 4100 2316 4146 esset
2396 4090 2549 4148 idem
2622 4097 3074 4145 monumentum
3144 4089 3461 4154 victoriae,

2160 4166 2670 4233 niz-nsuetudiniS,
2750 4165 3175 4222 continentiae.
3279 4161 3459 4219 Verr.

2160 4244 2438 4299 ,aet-usn.
2506 4248 2576 4309 2,
2640 4246 2706 4307 2,
2774 4245 2830 4298 [ι.
2892 4264 2967 4280 -
3026 4238 3108 4296 M.
3175 4237 3463 4297 Claudius

2160 4316 2515 4385 Marcellus,
2567 4310 2754 4383 (avus‘
2784 4315 2865 4373 M.
2910 4313 3184 4372 Marcelli
3237 4332 3465 4370 cousu-

2156 4396 2225 4449 lis
2269 4414 2323 4448 a..
2365 4411 2423 4448 ιι.
2464 4411 2518 4448 c.
2561 4396 2737 4456 588.)
2799 4390 3178 4447 Archimedis
3242 4410 3270 4445 s
3319 4391 3465 4446 hae-

2156 4488 2317 4530 ram.
2362 4469 2555 4543 captis
2594 4466 2952 4540 Syracusis,
3000 4484 3075 4522 ex
3117 4463 3266 4523 urbe
3313 4483 3463 4522 ocu-

2156 4547 2479 4618 pletissima
2526 4553 2704 4619 atque
2760 4544 3139 4599 ornatissima
3191 4541 3457 4605 sustulit,

2156 4617 2289 4676 eum
2351 4617 2509 4675 aliud
2557 4617 2700 4675 nihil
2748 4636 2825 4675 ex
2867 4628 3035 4674 tauta
3080 4616 3302 4692 praeda
3352 4613 3465 4672 do-

2157 4714 2317 4751 mum
2361 4712 2528 4750 suam
2576 4693 3034 4769 deportavisset.
3086 4692 3158 4750 de
3207 4692 3355 4767 Rep.
3410 4704 3460 4758 t,

696 4764 719 4781 '
754 4757 924 4823 *Nec
963 4785 1054 4823 me
1097 4766 1412 4842 Philippus
1457 4778 1560 4824 aut
1602 4768 1920 4826 Marcellus
1961 4789 2096 4826 mu-
2166 4776 2265 4836 11,
2313 4775 2409 4829 21.
2464 4798 2537 4810 -
2590 4767 2907 4843 Quomodo
2974 4767 3299 4841 Syracusis
3360 4786 3466 4824 ca·-

797 4850 917 4897 vet.
975 4843 1107 4899 Alia
1136 4847 1294 4901 enim
1321 4861 1529 4900 eorum
1558 4848 1746 4911 ratio;
1790 4858 1867 4910 et,
1899 4847 2094 4901 sinon
2156 4848 2273 4920 ptis
2305 4861 2368 4903 se
2395 4849 2666 4922 gesserit.
2722 4844 2898 4902 Verr.
2942 4846 3221 4902 Accusat.
3268 4845 3323 4907 4,
3364 4846 3463 4911 52,

797 4925 910 4981 est,
950 4917 1210 4977 videtur.
1280 4921 1354 4977 ad
1396 4921 1518 4977 Att.
1565 4925 1669 4986 16,
1718 4923 1820 4987 14,
1865 4929 1920 4977 2.
1979 4918 2092 4991 Qui
2167 4928 2285 4980 115.
2343 4919 2497 4979 Ibid.
2539 4928 2644 4988 55,
2694 4928 2822 4978 123.
2868 4949 2937 4964 -
2980 4920 3327 4998 Requisisse
3371 4917 3466 4974 di-

798 4992 996 5046 minus
1024 5010 1135 5061 ego
1161 4996 1299 5053 istic
1322 5007 1484 5063 recte
1511 5014 1644 5052 esse
1670 4997 1893 5070 possim
1922 5014 2096 5070 quam
2156 5000 2317 5052 citur
2335 4996 2791 5061 Archimedem:
2835 5014 3009 5072 quem
3038 5015 3173 5053 cum
3201 4997 3465 5052 audisset

797 5063 1163 5124 Marcellus?
1215 5069 1307 5127 ΙΙ).
1331 5070 1445 5148 Ep.
1479 5078 1563 5138 15,
1587 5078 1644 5129 6.
1688 5077 2096 5139 (a.u.c.71u.1
2160 5072 2571 5140 interfectum,
2619 5073 2978 5146 permoleste
3023 5071 3253 5128 tulisse.
3307 5069 3460 5129 Ibid.

873 5139 938 5198 C.
994 5141 1386 5221 (Cunnum)
1441 5145 1807 5205 Muctntus
1856 5147 2096 5207 Azszn-
2156 5154 2261 5212 55,
2311 5150 2439 5210 151.
2483 5181 2553 5196 --
2582 5146 2624 5206 S

793 5233 991 5276 umus.
1046 5214 1224 5276 Verr.
1248 5220 1536 5279 Accusat.
1578 5225 1637 5290 4,
1679 5222 1775 5295 42,
1806 5226 1906 5289 91.
1946 5220 2096 5281 falsa
2156 5223 2507 5284 incolumes.

2705 5165 2918 5204 acusas
2957 5150 3155 5205 victor
3191 5150 3465 5206 servavit

2651 5224 3049 5282 seudoascon.
3118 5225 3181 5281 in
3246 5220 3457 5283 Diviu.
