4367 6084
845 613 973 678 280

838 753 941 810 Dii
981 771 1054 809 ex
1092 752 1213 826 igni
1255 759 1415 818 sunt,
1459 760 1523 804 ut
1551 749 1746 805 eredit
1769 748 2136 805 Heraclitus.

839 827 1127 886 Boethius
1155 828 1224 883 de
1254 828 1365 883 diis
1393 846 1452 901 p.
1474 828 1606 883 592.
1633 854 1703 868 -
1727 821 1918 880 Stoici
1945 827 2142 880 omnia
2175 823 2176 827 ’

841 902 1038 960 solent
1081 903 1155 959 ad
1197 905 1431 976 igneam
1476 903 1594 958 vim
1637 900 1901 966 referre,
1951 899 2169 956 Hera-

844 979 1086 1045 clitum,
1142 989 1206 1034 ut
1247 980 1503 1053 opinor,
1559 987 1915 1057 sequentes:
1973 993 2179 1051 quem¹

844 1056 1040 1130 ipsum
1088 1072 1206 1109 non
1254 1070 1461 1108 omncs
1513 1053 1988 1125 interpretantur
2031 1068 2147 1105 uno

845 1130 1057 1197 mod03
1101 1130 1534 1204 quiquoniam,
1581 1128 1724 1203 quid
1764 1127 2011 1192 diceret,
2055 1129 2150 1182 in-

844 1205 1035 1281 telligi
1073 1204 1296 1266 noluit,
1338 1205 1700 1259 omittamus.
1785 1202 1856 1258 de
1894 1200 2033 1257 Nat.
2079 1201 2151 1255 D.

844 1287 914 1345 5.
972 1285 1078 1348 11⁴,
1135 1285 1226 1339 55.
1283 1310 1356 1324 -
1413 1278 1523 1335 Est
1575 1297 1603 1332 a
1652 1278 1730 1334 nd
1783 1277 2178 1334 Heraclitum¹

846 1356 1161 1431 physicum
1190 1356 1260 1412 de
1292 1355 1562 1429 principe
1639 1354 1982 1428 phesiornm
2002 1352 2151 1407 Her-

845 1432 1132 1488 modoro:
1188 1433 1507 1487 universos
1555 1432 1637 1485 ait
1679 1429 1969 1504 Ephesios
2024 1446 2151 1483 esse

846 1520 1040 1564 morte
1081 1506 1451 1571 multandos,
1496 1504 1689 1580 quod,
1737 1522 1871 1560 cum
1913 1505 2151 1559 civitate

847 1583 1215 1658 expellerent
1276 1581 1752 1644 Hermodorum,
1823 1583 1902 1636 ita
1969 1578 2151 1634 locuti

848 1661 1005 1716 sint:
1047 1661 1228 1711 Nemo
1265 1659 1330 1710 de
1375 1659 1534 1710 nobis
1570 1675 1714 1707 unus
1748 1657 2027 1708 excellat:
2067 1661 2151 1704 sin

846 1741 968 1806 quis
997 1739 1310 1799 exstiterit,
1348 1735 1462 1784 alio
1494 1740 1552 1783 ιἰι
1579 1734 1699 1783 loco
1737 1742 1792 1784 ee
1820 1731 1973 1803 apud
2010 1731 2151 1782 alios

843 1817 938 1866 sie.
1017 1809 1265 1866 Tuscul.
1311 1814 1365 1874 5,
1410 1813 1500 1894 56,
1544 1812 1670 1865 105.

920 1921 1310 1980 ΗεηΑοιιτυε
1378 1921 1601 1994 Tyrius
1627 1963 1642 1986 ,
1716 1919 2146 1984 AcademicuS,

844 1999 1129 2055 Antiochi
1157 1996 1488 2062 familiaris,
1515 1998 1614 2072 qui
1643 2007 1700 2051 et
1721 1994 2151 2052 Clitomachum

846 2072 1067 2129 multos
1121 2091 1312 2129 annos
1373 2082 1434 2126 et
1477 2071 1790 2127 Philonem
1843 2069 2147 2135 audierat;

844 2150 1023 2205 hoino
1076 2166 1222 2203 sane
1275 2148 1337 2203 in
1379 2150 1490 2202 ista
1531 2147 1943 2222 philosophia,
2001 2166 2150 2222 quae

844 2243 1006 2280 nunc
1045 2241 1234 2297 prope
1264 2223 1507 2279 dimissa
1540 2233 1883 2290 revocatur,
1928 2220 2151 2297 proba-

842 2310 939 2356 tus
966 2309 1023 2354 et
1049 2297 1291 2354 nobilis.
1349 2297 1536 2354 Acad.
1564 2304 1619 2364 2,
1653 2305 1707 2358 ll.
1743 2306 1834 2355 11.
1877 2298 1944 2369 («
1962 2295 2150 2370 probe

845 2374 1300 2446 distinguendus
1361 2373 1433 2429 ab
1484 2372 1794 2429 Heraclito
1839 2373 2151 2446 Peripate—

740 2475 744 2480 ·
839 2452 996 2516 tico;
1057 2468 1312 2524 quocum
1362 2449 1752 2505 confunditur
1804 2468 1836 2504 a
1879 2448 2150 2521 Menagio

842 2526 918 2582 ad
957 2525 1165 2583 Laert.
1206 2530 1263 2592 9,
1310 2525 1439 2586 17.”
1519 2523 1849 2599 Gomumz.)

917 2638 1263 2695 mucuns
1291 2639 1757 2694 Amestratinus.
1815 2636 1997 2693 Verr.
2031 2639 2151 2693 Ac-

846 2724 1037 2770 cusat.
1083 2719 1139 2783 3,
1183 2717 1279 2780 39,
1323 2718 1418 2773 88.

917 2826 1266 2883 Hzncmss
1297 2825 1748 2900 Centuripinus,
1795 2827 1963 2882 testis
1991 2828 2051 2882 in
2084 2825 2150 2883 C.

844 2902 1119 2960 Verrem.
1201 2903 1378 2959 Verr.
1421 2904 1705 2958 Accusat.
1749 2908 1805 2970 2,
1849 2908 1945 2969 27,
1986 2906 2078 2961 66.

909 3014 1258 3072 Ennomus
1298 3014 1701 3090 Segestanus,
1745 3014 1923 3070 homo
1969 3015 2149 3069 inno-

839 3109 1016 3158 cens,
1080 3110 1111 3146 a
1155 3091 1347 3147 Verre
1389 3092 1720 3146 damnatus.
1801 3089 1978 3145 Verr.
2024 3091 2148 3145 Ac-

838 3178 1029 3222 cusat.
1077 3173 1133 3234 5,
1177 3170 1273 3234 43,
1322 3175 1450 3224 111.

913 3279 1294 3344 Ηεηᾼοιιυε,
1336 3277 1619 3334 Hieronis
1659 3275 1838 3344 filius,
1881 3276 2148 3351 Syracu-

839 3373 1057 3420 sanus,
1101 3357 1278 3410 homo
1320 3355 1380 3408 in
1410 3355 1620 3429 primis
1657 3354 1816 3409 domi
1855 3372 1997 3408 suae
2036 3374 2148 3409 no-

835 3428 973 3487 hilis
1009 3439 1066 3485 et
1097 3440 1234 3484 ante
1264 3428 1514 3486 Verrem
1550 3441 1890 3502 praetorem
1919 3431 2008 3485 vel
2041 3448 2148 3503 pe-

835 3507 1293 3561 cuniosissimus
1334 3505 1892 3577 Syracusanorumt
1937 3517 2143 3580 postea

836 3580 1001 3636 nulla
1042 3581 1154 3635 alia
1199 3581 1555 3644 calamitate,
1603 3581 1721 3634 nisi
1758 3580 1915 3635 illius
1944 3583 2148 3636 avari-

832 3659 917 3710 tia
961 3666 1136 3730 atque
1178 3657 1421 3721 iniuria,
1473 3657 1910 3728 pauperrimus.
1964 3655 2144 3711 Verr.

836 3735 1124 3788 Accusat.
1166 3739 1239 3797 2,
1287 3734 1390 3796 14,
1435 3735 1526 3789 35.
1578 3757 1650 3770 —-
1703 3730 1847 3785 Eius
1895 3734 2147 3805 propin-

835 3824 1023 3881 quuS,
1086 3808 1227 3862 item
1265 3805 1606 3861 Heraclius.
1689 3803 1841 3862 Ibid.
1895 3838 1954 3849 -
2002 3807 2145 3864 Eius

832 3882 1222 3938 hereditatem
1251 3880 1476 3936 Verres
1512 3882 1751 3936 avertit.
1811 3880 1988 3936 Verr.
2024 3885 2146 3938 Ac—

838 3967 1028 4013 cusat.
1073 3965 1128 4018 2,
1177 3959 1268 4019 14,
1315 3960 1408 4015 37.
1467 3955 1620 4012 Ibid.
1667 3962 1720 4021 ss,
1763 3959 1860 4021 61,
1906 3962 2034 4017 156.
2083 3985 2147 4000 -

833 4030 980 4088 Eius
1033 4033 1438 4087 testimonium
1493 4034 1555 4087 iu
1606 4030 1878 4087 Verrem.
1963 4033 2143 4089 Verr.

837 4109 1124 4164 Accusat.
1168 4115 1233 4174 2,
1279 4112 1347 4172 5,
1395 4113 1484 4167 15.

914 4220 1260 4276 ΗεῃΑοιιυε
1302 4220 1603 4291 (diversus
1645 4220 1717 4277 ab
1748 4241 1840 4289 eo,
1888 4225 1990 4296 qui
2025 4241 2148 4278 me-

834 4307 1109 4352 moratur
1131 4298 1350 4352 Accus.
1382 4304 1435 4363 2,
1464 4299 1553 4364 14,
1580 4302 1672 4356 55.
1707 4310 1764 4354 et
1784 4300 1841 4364 4,
1865 4306 1960 4366 61,
1991 4299 2147 4372 136.)

839 4371 1261 4445 Syracusanus
1284 4415 1299 4440 ,
1369 4373 1654 4430 sacerdos
1720 4377 2147 4451 (ἀμφίπολος)

833 4447 1019 4513 Iovis,
1067 4450 1168 4524 qui
1205 4449 1395 4504 honos
1429 4460 1517 4503 cst
1545 4448 1700 4523 apud
1731 4449 2148 4522 Syracusanos

842 4522 1266 4599 amplissimus.
1326 4525 1500 4580 Verr.
1525 4525 1810 4582 Accusat.
1837 4527 2000 4593 [1,61,
2025 4531 2146 4586 157.

911 4635 1313 4693 Hanni-remis
1368 4656 1511 4712 ager
1553 4641 1613 4694 in
1657 4637 1885 4694 Sicilia.
1967 4641 2145 4697 Verr.

842 4712 1126 4768 Accusat.
1171 4720 1239 4779 3,
1286 4719 1390 4780 18,
1437 4715 1525 4770 47.
1603 4710 1751 4769 Ibid.
1793 4720 1897 4782 51,
1942 4723 2071 4773 120.

915 4823 1322 4882 Ηεκηιτεκειε
1370 4827 1619 4892 civitas,
1665 4837 1838 4884 antea
1879 4830 2146 4903 copiosa,

844 4899 1095 4974 spoliata
1142 4921 1170 4956 a
1205 4902 1395 4957 Verre
1437 4914 1494 4958 ct
1532 4914 1768 4958 vexata.
1822 4903 1997 4959 Verr.
2028 4907 2151 4961 Ac-

844 4986 1032 5029 cusat.
1072 4981 1126 5041 3,
1171 4983 1264 5043 52,
1310 4981 1400 5035 75.
1446 5007 1518 5021 —
1559 4978 2006 5035 Herbitensiuiu
2048 4981 2151 5035 de-

842 5066 1069 5105 cumae.
1151 5052 1450 5122 Fragmm.
1503 5073 1563 5127 p.
1609 5056 1740 5113 461.
1792 5084 1850 5094 -
1898 5053 2146 5112 Herbita

844 5125 1128 5199 oppidum
1151 5126 1390 5185 Siciliae
1420 5127 1895 5192 mediterraneae
1930 5129 2003 5189 ad
2025 5130 2149 5188 Hc-

844 5219 1020 5270 raeos
1061 5211 1316 5265 monte&

1840 5403 1874 5425 X

1788 5569 1821 5602 X

1528 605 2135 674 HERACLITUS
2182 640 2263 652 —
2309 583 2834 672 mannans.

2275 748 2679 805 Hcacunansa
2722 749 2816 804 via
2860 747 3047 822 (inter
3072 748 3271 807 lacum
3300 749 3516 807 Lucri·

2204 843 2342 881 num
2384 832 2444 877 et
2482 842 2642 879 mare
2685 826 2748 879 in
2784 823 3130 898 Campania)
3172 823 3516 891 vendibilis,

2205 902 2519 956 multarum
2557 899 2901 956 deliciarum
2939 909 2998 955 et
3027 902 3286 975 'magnae
3324 920 3514 977 pecn-

2208 978 2360 1032 niae.
2443 974 2514 1030 de
2552 973 2684 1050 lege
2727 994 2854 1051 agr.
2895 985 2951 1044 2,
2999 979 3104 1042 131,
3132 980 3230 1037 36.

2282 1088 2717 1144 Hancnnanuu.
2778 1087 2852 1144 ad
2890 1089 3017 1145 Ait.
3062 1097 3118 1157 7,
3167 1093 3225 1158 3,
3274 1097 3326 1148 1.
3368 1089 3519 1146 salsa

2209 1163 2385 1219 lectio
2430 1183 2573 1238 pro:
2616 1164 3017 1220 Aacunanum.

2286 1276 2620 1332 Hnacunns.
2674 1275 2746 1332 de
2781 1275 2919 1332 Nat.
2967 1277 3037 1333 D.
3080 1283 3135 1341 5.
3180 1283 3271 1343 15,
3315 1280 3409 1339 59.
3457 1307 3519 1318 -

2212 1351 2422 1408 Plures
2461 1351 2751 1407 Hercules
2791 1353 3038 1408 tradunt
3081 1349 3258 1409 nobis
3302 1355 3381 1421 ii,
3424 1355 3528 1430 qui

2214 1430 2536 1483 interiores
2565 1439 2913 1484 scrutantur
2940 1438 3001 1483 et
3027 1430 3390 1485 remotiores
3423 1429 3525 1485 lit-

2214 1515 2407 1559 teras:
2452 1505 2930 1579 antiquissimum
2963 1504 3104 1560 Iove
3145 1515 3377 1571 natum,
3418 1504 3525 1561 sed

2213 1581 2353 1635 item
2389 1579 2531 1635 Iove
2571 1581 3019 1654 antiquissimo:
3063 1610 3138 1623 —
3177 1599 3252 1636 ex
3297 1598 3370 1637 eo
3409 1581 3523 1651 igi-

2214 1665 2310 1708 tur
2349 1664 2408 1710 et
2449 1654 2738 1727 Lysithoe·
2778 1665 2867 1711 est
2906 1657 2956 1711 is
2985 1654 3301 1722 Hercules,
3348 1674 3523 1732 quem

2212 1730 2656 1787 concertavisse
2694 1748 2828 1786 cum
2861 1731 3141 1806 Apolline
3178 1731 3252 1787 de
3278 1731 3517 1807 tripode

2212 1808 2574 1880 accepimus.
2639 1806 2809 1862 Alter
2849 1807 3107 1862 traditur
3135 1806 3273 1864 Nilo
3318 1818 3515 1872 natus,

2211 1882 2565 1957 Aegyptius,
2602 1899 2778 1957 quem
2817 1883 2985 1938 aiunt
3020 1882 3319 1957 Phrygias
3359 1883 3520 1939 litte-

2210 1977 2308 2012 ras
2332 1959 2791 2033 conscripsisse.
2837 1958 3079 2014 Tertius
3108 1969 3199 2013 est
3225 1978 3300 2014 ex
3323 1959 3515 2015 Idaeis

2211 2032 2450 2106 Digitis,
2488 2036 2583 2090 cui
2628 2034 2871 2089 inferias
2908 2024 3189 2089 asserunt.
3247 2034 3515 2106 Quartus

2211 2109 2367 2164 Iovis
2396 2119 2455 2164 et
2482 2110 2775 2174 Asteriae,
2818 2108 3084 2164 Latonae
3111 2111 3373 2175 sororis,
3416 2112 3516 2186 qni

2210 2184 2362 2257 Tyri
2402 2187 2657 2240 maxime
2697 2185 2938 2250 colitur,
2987 2186 3158 2240 cuius
3185 2185 3413 2241 Kartha
3464 2188 3517 2229 '-

2211 2251 2343 2315 nem
2385 2258 2567 2316 filiam
2609 2261 2830 2317 ferunt.
2911 2258 3173 2331 Quintus
3220 2264 3284 2318 in
3323 2205 3514 2326 ludgia,

2210 2338 2311 2411 qui
2351 2334 2530 2392 Belus
2574 2336 2815 2392 dieitur.
2887 2334 3107 2392 Sextus
3154 2337 3252 2394 hic
3294 2355 3374 2393 ex
3409 2338 3518 2395 Al-

2209 2429 2480 2476 cumena,
2513 2430 2685 2487 quem
2710 2411 2979 2486 Iuppiter
3001 2414 3229 2487 genuit,
3259 2412 3367 2469 sed
3396 2410 3519 2470 ter-

2211 2489 2325 2542 tius
2361 2487 2652 2562 Iuppiter.
2710 2485 2782 2543 de
2811 2485 2942 2543 Nat.
2972 2487 3044 2543 D.
3079 2497 3136 2554 3,
3176 2492 3269 2555 16,
3310 2491 3403 2547 42.
3447 2519 3517 2532 —

2211 2562 2486 2618 Herculis
2547 2565 2704 2628 vita,
2768 2562 3065 2619 athletica.
3157 2562 3358 2619 Varro
3411 2563 3512 2619 Fr.

2211 2656 2269 2711 p.
2315 2645 2443 2697 276.
2526 2637 2661 2713 Bip.
2713 2667 2774 2677 —
2825 2638 2967 2695 Eius
3019 2656 3362 2696 aerumnae.
3444 2638 3516 2695 de

2209 2715 2382 2769 Finn.
2427 2719 2495 2780 2,
2539 2721 2647 2780 35,
2695 2721 2825 2772 119.
2875 2743 2936 2753 -
2986 2714 3133 2770 Eum
3178 2715 3243 2771 in
3288 2713 3516 2770 caelum

2209 2791 2318 2845 ista
2373 2792 2538 2864 ipsa,
2597 2807 2772 2865 quam
2819 2789 3092 2845 nonnulli
3138 2789 3513 2846 iracundiam

2208 2883 2339 2921 esse
2381 2865 2623 2932 volunt,
2671 2865 2915 2922 sustulit
2950 2865 3275 2933 fortitud03
3320 2866 3514 2923 nenti-

2207 2959 2384 3016 quam
2414 2942 2601 2996 iratus
2640 2939 2917 2997 conflixit
2953 2959 3084 2996 cum
3114 2941 3511 3013 Erymanthio

2207 3035 2355 3090 apro
2398 3027 2497 3072 aut
2543 3015 2713 3072 leone
2761 3015 3078 3073 Nemeaeo.
3160 3017 3408 3073 Tuscul.
3450 3019 3509 3078 4.

2205 3099 2298 3156 22,
2334 3097 2423 3150 50.
2454 3121 2514 3131 -
2539 3092 2860 3147 Dimieavit
2893 3109 3028 3146 cum
3055 3092 3270 3165 Eryce.
3311 3092 3510 3149 Varro

2204 3169 2306 3223 Fr.
2354 3186 2413 3242 p.
2457 3173 2589 3226 367.
2673 3167 2806 3242 Bip.
2854 3196 2924 3210 —
2975 3167 3265 3224 Hercules
3310 3167 3512 3244 profe-

2206 3253 2336 3299 ctus
2380 3242 2453 3299 ad
2493 3242 2879 3317 Hesperidas,
2925 3243 3065 3299 inde
3111 3262 3292 3300 aurea
3335 3243 3508 3310 mala,

2206 3322 2243 3374 i.
2274 3337 2326 3373 e.
2374 3337 2588 3392 capras
2638 3329 2715 3387 et,
2741 3337 2886 3374 oves
2906 3358 2920 3381 ,
2972 3321 3034 3374 in
3060 3319 3379 3376 Graeciam
3408 3337 3513 3374 ex-

2207 3395 2491 3468 portavit.
2550 3395 2748 3450 Varro
2777 3395 2903 3450 RR.
2949 3403 3006 3459 2,
3049 3403 3103 3460 1,
3144 3403 3199 3454 6.
3247 3425 3318 3439 -
3360 3395 3514 3451 Her·

2208 3469 2369 3526 cules
2412 3489 2444 3524 e
2486 3467 2690 3526 Sicilia
2732 3481 3081 3545 persecutns
3124 3482 3216 3527 est
3257 3469 3514 3527 nobilem

2208 3558 2476 3609 taurum,
2529 3548 2631 3618 qui
2677 3545 2981 3602 diceretur
3030 3546 3238 3601 Italus.
3323 3546 3517 3603 Varro

2210 3621 2332 3677 BR.
2367 3630 2421 3684 2,
2454 3619 2596 3689 5,’5.
2646 3649 2707 3660 --
2753 3619 3043 3678 Hercules
3079 3621 3518 3679 Gaditanorum

2208 3696 2465 3762 moenia,
2498 3694 2765 3763 delubra,
2814 3715 2993 3771 agros
3023 3699 3307 3755 itinerum
3332 3717 3403 3753 ac
3431 3698 3520 3752 la·

2207 3770 2420 3828 borum
2474 3789 2720 3828 suorum
2776 3774 3067 3828 terminos
3124 3791 3256 3828 esse
3304 3773 3513 3829 voluit.

2208 3866 2320 3923 pro
2348 3845 2537 3902 Balbo
2582 3855 2665 3914 17,
2704 3852 2799 3908 59.
2846 3879 2914 3891 -
2957 3846 3201 3905 Herculi
3229 3849 3516 3906 Deianira

2210 3940 2430 3978 nocere
2477 3921 2702 3987 noluit,
2761 3941 2896 3979 cum
2954 3924 3008 3978 ei
3062 3926 3327 3981 tunicam
3375 3943 3518 3980 san-

2208 4001 2384 4054 oeuine
2421 3997 2707 4055 Centauri
2744 4003 2992 4055 tinctam
3034 3998 3217 4056 dedit.
3275 4000 3347 4056 de
3374 3999 3511 4056 Nat.

2206 4045 2281 4130 ἲ).
2320 4080 2375 4140 5,
2422 4080 2514 4140 28,
2561 4081 2651 4132 70.
2696 4105 2769 4118 --
2808 4074 3099 4132 Hercules
3139 4085 3267 4131 tum
3310 4075 3513 4132 dolore

2206 4148 2618 4223 frangebatur,
2665 4169 2801 4205 cum
2837 4151 3341 4207 immortalitatem
3384 4157 3512 4227 ipsa

2207 4235 2399 4280 morte
2440 4223 2785 4301 quaerebat.
2844 4226 3090 4283 Tuscul.
3130 4233 3187 4293 2,
3223 4236 3280 4292 8,
3317 4233 3411 4285 20.
3440 4257 3513 4269 -

2208 4298 2485 4356 Herculis
2516 4299 2672 4356 illius
2700 4304 3065 4358 sanctissimi
3092 4321 3354 4378 corpore
3388 4322 3511 4357 aiii-

2210 4376 2406 4440 busto,
2458 4378 2645 4431 vitam
2683 4377 2810 4432 eius
2852 4388 2910 4445 et
2951 4380 3229 4434 virtutem
3269 4380 3511 4434 immor-

2209 4453 2406 4508 talitas
2465 4453 2778 4525 excepisse
2831 4450 3069 4509 dieitur.
3151 4453 3510 4528 pro-Sestio

2208 4533 2311 4593 68,
2364 4529 2492 4585 143.
2540 4556 2599 4566 —
2648 4527 2937 4583 Hercules
2980 4547 3054 4583 ex
3092 4530 3333 4586 homine
3371 4529 3511 4584 deus

2210 4603 2425 4659 factus.
2508 4602 2578 4658 de
2621 4603 2771 4678 Rep.
2824 4608 2895 4671 3,
2945 4613 3052 4670 28,
3100 4607 3197 4664 40.
3245 4634 3307 4645 —
3366 4604 3516 4661 Eum

2212 4680 2515 4734 hominum
2544 4678 2697 4734 fama
2737 4677 3168 4736 beneficiorum
3203 4699 3429 4737 memor
3455 4682 3517 4737 in

2213 4754 2470 4811 concilio
2509 4754 2855 4811 caelestium
2891 4755 3234 4813 collocavit.
3293 4757 3365 4813 de
3394 4756 3515 4815 Off.

2213 4815 2268 4894 5,
2302 4835 2356 4896 5,
2390 4837 2480 4889 25.
2522 4859 2597 4873 —-
2638 4830 2715 4887 Εἰ
2751 4831 2900 4886 caeli
2945 4843 3117 4906 porta
3204 4835 3375 4889 atuit.
3449 4833 3519 4889 de

2214 4904 2356 4981 Rep.
2397 4907 2639 4982 Fragm.
2684 4909 2900 4963 incert.
2947 4851 3283 4963 addend'um
3332 4928 3363 4964 e
3402 4908 3519 4964 La-

2212 4983 2438 5038 ctantio
2483 4983 2820 5055 fragmento
2867 4990 2956 5042 13.
3006 5013 3066 5022 —
3114 4983 3408 5041 Hercules
3457 4987 3518 5040 in

2209 5057 2538 5133 Hispania,
2583 5060 2763 5114 sicuti
2800 5059 2932 5114 Afri
2979 5069 3219 5130 putant,
3268 5062 3517 5117 interiit.

2210 5132 2332 5189 Sal.
2363 5134 2491 5210 Ing.
2521 5141 2609 5192 18.
2641 5164 2713 5177 -
2753 5133 3066 5200 Hercules,
3098 5135 3515 5213 Aesculapius,

2208 5207 2423 5285 Liber,
2469 5209 2721 5280 Castor,
2763 5207 2977 5276 Pollux
3011 5211 3295 5279 coluntur
3326 5232 3513 5299 acque
3587 5237 3595 5243 ·
