4367 6084
1565 670 1653 736 L.
1700 669 2175 737 VALERIUS
2222 670 2679 739 FLACCUS.
3320 669 3444 737 629

776 815 881 871 nio
924 813 1148 870 Crasso
1185 810 1488 868 Muciano.
1569 811 1645 867 Ei
1679 811 1933 870 Crassus
1962 812 2077 879 hic,
2138 812 2302 886 dem)
2330 814 2545 870 nefarii
2577 814 2824 871 sceleris
2847 832 2916 870 ac
2950 808 3263 890 parricidii
3283 829 3449 867 mor-

767 888 1014 956 consul,
1059 889 1333 963 pontifex
1370 888 1662 943 maximus
1702 887 1946 943 multam
1987 886 2077 942 di-
2139 899 2303 943 tuum
2342 887 2918 945 condemnabimus?
2984 910 3097 965 pro
3138 890 3207 947 C.
3257 884 3444 945 Rabi-

764 968 901 1033 xit,
963 966 1015 1019 si
1060 983 1092 1019 a
1149 965 1342 1020 sacris
1384 962 1760 1019 discessisset
1801 962 1899 1031 (ad
1950 960 2077 1018 bel·
2138 964 2230 1019 rio
2260 964 2429 1037 perd.
2464 974 2555 1031 10,
2587 972 2678 1022 27.
2712 996 2783 1007 -
2825 964 3058 1023 Censor
3083 967 3195 1022 suit
3222 974 3441 1041 quarto

764 1042 892 1098 lum
933 1059 1068 1096 cum
1097 1039 1453 1095 Aristonico
1481 1037 1856 1112 gerendum),
1902 1057 2077 1114 quam
2137 1058 2295 1094 anno
2342 1050 2481 1115 post
2526 1059 2660 1096 cum
2715 1041 2797 1096 M.
2845 1043 3112 1097 Antonio
3160 1042 3439 1098 Oratore.

763 1115 1014 1172 multam
1052 1115 1311 1189 populus
1350 1116 1624 1180 remisit,
1672 1111 1941 1188 pontifici
1984 1124 2075 1169 ta-
2136 1114 2336 1171 Valer.
2391 1115 2555 1172 Max.
2613 1124 2682 1184 2,
2743 1122 2810 1184 9,
2856 1122 2910 1175 5.
2963 1147 3023 1157 -
3104 1116 3175 1171 L.
3217 1116 3439 1171 Flacco

761 1211 901 1248 men
942 1189 1249 1246 flaminem
1288 1208 1504 1265 parere
1534 1192 1726 1246 iussit.
1808 1187 2070 1264 Philipp.
2135 1191 2368 1246 consuli
2420 1203 2629 1265 portas
2695 1203 2816 1247 tota
2877 1193 3025 1248 Asia
3086 1189 3436 1256 claudebat,

761 1280 870 1335 11,
917 1274 1128 1337 8,,18.
1179 1296 1237 1307 -
1323 1265 1413 1321 De
1468 1266 1582 1320 boc
1636 1263 1853 1321 Flacco
1906 1268 2074 1335 accie

756 1345 863 1419 pio
905 1344 1101 1399 locum
1142 1341 1344 1398 Divin.
1391 1343 1452 1396 in
1495 1339 1716 1397 Caecil.
1765 1343 1870 1407 19,
1936 1345 2025 1399 63.
2054 1384 2067 1406 ,
2132 1341 2394 1415 cipiebat
2413 1345 2537 1399 suis
2568 1341 2855 1407 urbibus,
2901 1361 3109 1398 verum
3140 1344 3320 1398 etiam
3338 1340 3440 1397 ul·-

757 1419 863 1475 nbi
886 1419 1193 1495 quaestori
1224 1418 1350 1472 eius
1387 1417 1469 1473 M.
1505 1415 1738 1472 Scauro
1767 1417 2072 1472 accusatio
2134 1429 2228 1472 tro
2270 1417 2544 1474 vocabat.
2622 1437 2735 1494 pro
2790 1419 3007 1475 Flacco
3050 1424 3154 1484 25,
3225 1423 3320 1475 61.
3369 1443 3435 1457 -

728 1496 888 1552 -eius
948 1513 1068 1549 non
1131 1511 1420 1549 concessa
1462 1510 1591 1548 esse
1635 1492 1875 1548 dicitur.
1976 1490 2072 1547 Ad
2135 1491 2382 1549 Scilicet
2428 1513 2560 1549 cuni
2603 1514 2657 1549 a.
2705 1513 2763 1550 u.
2809 1513 2863 1550 c.
2909 1498 3041 1555 668.
3085 1491 3372 1549 suffectus
3400 1509 3438 1545 a

765 1589 901 1626 eum
957 1570 1157 1626 locum
1216 1567 1364 1624 nihil
1423 1569 1786 1643 interpretes
1826 1578 2072 1642 praeter
2133 1568 2325 1626 Cinna
2377 1572 2575 1629 Mario
2630 1581 2865 1626 mortuo
2918 1571 2978 1625 in
3032 1571 3236 1625 Asiam
3292 1569 3444 1623 mis-

758 1663 946 1701 unum
988 1643 1381 1709 Menardum,
1440 1645 1541 1720 qui
1583 1644 1654 1699 de
1694 1641 1766 1700 L.
1810 1643 2067 1709 Flacco,
2132 1663 2234 1700 sus
2274 1654 2466 1710 esset,
2512 1645 2613 1702 ubi
2649 1666 2703 1702 a.
2736 1665 2797 1701 ιι.
2829 1665 2883 1700 c.
2916 1649 3042 1711 669.
3085 1665 3117 1700 a
3159 1644 3228 1700 C.
3271 1643 3441 1699 Fim-

758 1739 875 1797 pro
917 1739 1036 1797 quo
1077 1731 1168 1776 est
1206 1722 1437 1785 oratio,
1476 1720 1781 1794 accepisse
1809 1718 2068 1786 videtur,
2131 1718 2263 1776 bria
2292 1738 2400 1795 per
2426 1722 2781 1778 seditionem
2807 1721 3061 1776 militum
3088 1721 3438 1776 interfectus

764 1795 923 1873 quod
965 1807 1057 1852 est
1095 1793 1456 1861 absurdum,
1501 1797 1780 1869 quoniam
1819 1794 2073 1850 Divina-
2131 1807 2243 1852 est.
2315 1794 2439 1853 cfr.
2497 1799 2758 1872 Appian.
2815 1795 2966 1852 Bell.
3030 1795 3160 1853 Civ.
3224 1795 3273 1850 Ι.
3339 1799 3433 1856 75.

764 1875 852 1929 tio
911 1874 972 1928 in
1027 1871 1353 1929 Caecilium
1403 1869 1580 1945 longe
1631 1881 1802 1926 antea
1845 1873 1967 1926 scri
2013 1879 2071 1925 ta
2104 1870 2399 1928 'Mithrid.
2441 1878 2534 1931 52.
2617 1873 2733 1928 Dio
2774 1871 2941 1929 Cass.
2973 1870 3086 1928 Ed.
3119 1870 3323 1928 Sturz.
3355 1870 3433 1926 T.

767 1959 890 2014 est,
1036 1958 1131 2002 atn
1185 1947 1279 2002 hic
1338 1945 1410 2002 L.
1453 1944 1708 2002 Flaccus
1770 1948 1832 2002 in
1880 1944 2071 2002 Galia
2104 1994 2107 2011 „
2136 1954 2186 2002 1.
2222 1966 2280 2021 p.
2313 1950 2442 2005 116.
2523 1947 2677 2004 Vell.
2713 1955 2777 2012 2,
2823 1953 2914 2005 24.
2995 1948 3174 2004 Hunc
3212 1964 3440 2002 consu-

766 2025 897 2080 fuit.
956 1968 1062 2081 ‘lm
1108 2021 1377 2079 Scaurus
1413 2032 1505 2078 est
1545 2033 1748 2096 pater,
1791 2023 1892 2098 qui
1920 2039 1975 2076 a.
2006 2040 2065 2076 ιι.
2130 2021 2285 2090 lem,
2329 2042 2452 2079 non
2484 2024 2879 2091 consularem,
2923 2034 2990 2079 nt
3022 2022 3285 2080 Velleius
3308 2033 3440 2076 tra-

767 2118 822 2155 c.
865 2102 996 2158 651.
1055 2097 1262 2154 aedilis
1320 2098 1433 2153 suit
1493 2107 1629 2171 post
1690 2109 2071 2173 quaesturam
2131 2098 2253 2164 dit,
2298 2099 2678 2155 interfectum
2719 2099 3031 2157 contendit
3058 2099 3439 2155 Contarenus

766 2174 1130 2231 etL.Flacci
1155 2182 1259 2230 aut
1284 2191 1358 2228 ex
1391 2185 1675 2247 praetura
1697 2182 1801 2227 aut
1834 2191 1909 2228 ex
1932 2190 2072 2227 con·
2104 2170 2273 2230 'Var.
2315 2173 2511 2231 Lectt.
2562 2183 2613 2235 7.
2693 2173 2813 2231 Sed
2867 2179 3177 2251 utriusque
3218 2191 3442 2230 consu-

763 2248 962 2306 sulatn
987 2260 1274 2327 quaestor
1304 2249 1438 2305 fuit.
1481 2248 1631 2304 Ean.
1692 2247 1920 2304 Contra
1945 2246 2095 2303 mo-'
2130 2250 2286 2304 latus
2322 2251 2557 2307 ratione
2598 2248 2797 2306 habita
2839 2252 2950 2307 fuit
2994 2270 3060 2308 re
3102 2269 3243 2306 vera
3289 2267 3442 2305 con-

759 2337 866 2382 net
898 2326 1216 2400 Zumptius
1256 2327 1319 2380 in
1361 2325 1539 2379 Verr.
1581 2343 1639 2398 p.
1673 2328 1802 2381 45⁶
1847 2323 2066 2394 „Flac-
2129 2326 2383 2389 sularis,
2427 2344 2548 2381 non
2577 2326 2791 2382 consul
2825 2338 2980 2395 tum,
3025 2345 3160 2382 cnm
3201 2327 3437 2381 occisus

762 2420 901 2459 cnm
948 2404 1077 2457 veri
1114 2401 1305 2457 simile
1342 2418 1463 2455 non
1505 2409 1596 2455 est
1634 2397 1800 2454 illum
1847 2400 2066 2465 fuisse,
2130 2408 2241 2455 est.
2327 2400 2454 2456 cfr.
2512 2402 2588 2456 Η.
2656 2402 2962 2459 Valesiuni
3008 2402 3084 2458 ad
3137 2401 3439 2476 Excerpta

759 2478 864 2554 qui
920 2476 1133 2533 consul
1193 2496 1247 2532 a.
1304 2494 1363 2531 u.
1407 2494 1459 2531 c.
1515 2477 1648 2533 625.
1698 2475 1849 2542 fuit,
1918 2493 2069 2548 quo·
2128 2476 2343 2531 Dionis
2391 2475 2584 2532 Cassii
2627 2497 2763 2553 pag.
2816 2485 2907 2538 51.

758 2556 919 2609 niam
960 2552 1044 2609 Μ.
1102 2550 1394 2608 Aemilius
1453 2549 1760 2617 Scaurus,
1834 2549 2069 2605 celeber

758 2627 1040 2704 gerendis
1101 2628 1474 2692 inimicitiis,
1543 2634 1708 2682 certe
1766 2645 1888 2681 non
1932 2638 2068 2680 ante

762 2724 819 2761 a.
850 2722 909 2760 ιι.
942 2722 996 2759 c.
1041 2710 1171 2763 627.
1217 2712 1500 2779 quaestor
1539 2700 1715 2756 fuit.'’
1763 2731 1824 2742 —
1876 2700 2063 2756 Num-

758 2797 891 2835 mus
972 2797 1107 2835 cum
1180 2779 1576 2852 inscriptione
1668 2775 1738 2832 L.
1809 2777 2064 2833 Vanam.

759 2856 1005 2912 Fnacct.
1064 2853 1259 2927 (Mars
1301 2866 1502 2918 stans,
1548 2852 1758 2909 dextra
1799 2852 2064 2918 hastam,

762 2933 1008 2989 sinistra
1062 2939 1415 3005 tropaeum,
1484 2931 1625 2985 hinc
1679 2947 1834 3003 apex
1873 2926 2069 2983 flami—

761 3026 907 3063 num
936 3047 952 3072 ,
1025 3006 1163 3062 inde
1203 3007 1394 3080 spica)
1437 3005 1511 3062 ad
1557 3005 1955 3078 posteriorem
1994 3003 2064 3059 L.

763 3081 1070 3140 Valerium
1117 3081 1395 3138 Flaccum
1453 3079 1756 3136 flaminem
1816 3079 2070 3136 Martia-

761 3158 877 3215 lem
917 3157 1205 3214 suadente
1246 3158 1358 3214 hoc
1399 3158 1738 3212 recentiore
1775 3157 1902 3211 eius
1942 3155 2070 3211 for-

760 3253 856 3291 ma
926 3232 1280 3290 referendus
1351 3233 1628 3306 videtur⁸
1668 3229 1951 3287 Eckhelio
2015 3236 2069 3290 5.

763 3328 823 3384 p.
866 3312 997 3372 533.

836 3420 908 3477 L.
954 3419 1317 3495 (Varamos)
1357 3421 1404 3477 F
1412 3439 1650 3478 maccus.
1736 3420 1819 3478 M.
1864 3421 2071 3478 Aemi-

756 3497 843 3555 lio
889 3494 1121 3554 Scauro
1161 3496 1494 3573 (quaestori
1545 3507 1708 3552 certe
1756 3515 1877 3552 non
1928 3505 2065 3551 ante

756 3594 814 3630 a.
840 3591 898 3628 u.
928 3590 981 3628 c.
1013 3576 1170 3639 627.)
1201 3577 1263 3629 in
1292 3572 1365 3629 L.
1392 3572 1675 3628 Flaccum
1703 3572 1726 3647 (
1771 3580 2069 3627 raetorem

753 3666 970 3716 suum,
1039 3650 1390 3724 ceteroquin
1456 3591 1766 3779 ignotum}¹
1806 3649 2068 3703 nominis

754 3724 1062 3782 deferendi
1103 3733 1367 3801 potestas
1407 3742 1531 3780 non
1573 3732 1663 3780 est
1744 3734 1858 3779 ata.
1953 3722 2071 3778 Di-

757 3803 949 3857 vinat.
994 3804 1100 3868 19,
1143 3803 1238 3860 65.

829 3912 902 3969 L.
922 3912 1230 3971 Vannius
1263 3911 1760 3987 Fucens-(pater
1788 3911 1864 3967 L.
1890 3911 2068 3968 Flac-

756 3989 816 4044 ci
855 3989 1053 4055 illius,
1125 4007 1297 4065 quem
1341 3987 1556 4046 Cicero
1607 3986 1894 4060 defendit)
1998 4006 2066 4043 ro

755 4063 977 4122 Flacco
1017 4072 1088 4127 23
1114 4105 1129 4130 ,
1194 4068 1286 4123 55.
1367 4063 1440 4121 Εἰ
1482 4063 1663 4120 aedili
1705 4065 1901 4119 curuli
1941 4007 2065 4120 lge-

757 4137 2064 4290 212·ffssssuspzze‘.{,{}¹¹5,:?3¹.⁸m¹‘¹,ffffliz‘ssz

756 4290 1074 4348 molestum
1096 4309 1228 4347 esse
1264 4288 1500 4347 debuit:
1551 4290 1910 4365 praesertim
1927 4307 2063 4345 cum

754 4365 878 4433 ille,
936 4369 1033 4425 cui
1071 4364 1199 4424 dies
1242 4365 1399 4422 dicta
1440 4375 1568 4431 est,
1612 4375 1857 4440 praetor
1899 4377 2062 4439 post-

753 4459 824 4498 ea
864 4443 1056 4500 sactus
1096 4444 1173 4500 sit
1214 4453 1272 4498 et
1312 4442 1556 4498 consul:
1600 4440 1735 4505 ille,
1777 4442 1877 4515 qui
1907 4438 2063 4495 diem

750 4517 939 4586 dixit,
997 4537 1119 4574 non
1175 4520 1440 4592 potuerit
1491 4518 1765 4591 privatus
1807 4518 1866 4571 in
1909 4516 2059 4571 civi-

746 4604 872 4650 tate
925 4597 1280 4651 consistere.
1340 4590 1493 4650 Ibid.
1539 4598 1651 4659 52,
1698 4596 1789 4650 77.
1838 4619 1899 4630 -
1983 4590 2054 4646 L.

745 4668 1030 4727 Valerius
1081 4668 1332 4725 Flaccus
1385 4687 1508 4725 cos.
1574 4686 1708 4723 cum
1750 4663 1818 4723 C.
1863 4665 2058 4722 Mario

745 4744 853 4802 VI.
898 4747 980 4820 (a.
1027 4764 1088 4800 u.
1138 4761 1191 4798 c.
1234 4747 1393 4811 654.)
1435 4743 1736 4800 interfecit
1775 4740 2060 4799 Saturni-

745 4838 930 4891 num,
995 4819 1309 4878 Glauciam
1361 4830 1473 4876 cet.
1544 4837 1657 4893 pro
1699 4817 1767 4876 C.
1811 4816 2059 4873 Rabirio

743 4897 918 4973 perd.
965 4904 1031 4964 7,
1089 4902 1182 4956 2ο.
1228 4897 1288 4950 in
1319 4893 1492 4952 Catil.
1526 4902 1596 4961 1,
1652 4900 1719 4962 2,
1776 4897 1834 4951 Is.
1881 4891 2052 4949 Brut.

746 4980 863 5040 62,
906 4975 1036 5032 2211.
1081 5003 1152 5015 —
1230 4970 1303 5027 L.
1367 4971 1684 5036 Flaccum,
1758 4970 2059 5026 hominem

747 5066 890 5105 cum
952 5052 1075 5105 sem
1124 5068 1190 5106 er
1245 5049 1304 5104 in
1360 5065 1426 5103 re
1467 5044 1749 5122 publica,
1817 5055 1939 5101 tum
1996 5046 2057 5101 in

2134 1266 2538 1322 Mithridatem
2569 1278 2763 1323 autem
2796 1268 2959 1323 illum
2989 1286 3110 1323 non
3138 1265 3314 1321 modo
3342 1283 3441 1322 re-

2203 2586 2274 2643 L.
2346 2587 2655 2644 Vannius
2733 2591 2779 2645 F
2786 2609 3003 2646 maccus
3042 2633 3057 2657 ,
3142 2594 3434 2648 interrex.

2129 2662 2411 2719 Omnium
2441 2663 2636 2738 legum
2672 2666 3104 2740 iniquissimam
3155 2667 3442 2724 dissimil-

2127 2738 2350 2795 limam«
2373 2758 2445 2794 ue
2517 2739 2667 2816 legis
2736 2759 2867 2796 esse
2939 2740 3209 2798 arbitror
3268 2761 3438 2810 eam,

2129 2834 2306 2890 quam
2407 2857 2420 2870 .
2464 2814 2752 2879 Flaccus,
2823 2819 3092 2872 interrex
3136 2820 3217 2892 (a.
3268 2837 3328 2873 u.
3379 2836 3437 2875 c.

2130 2890 2314 2963 672),
2360 2891 2432 2947 de
2471 2890 2637 2946 Sulla
2668 2890 2826 2958 tulit,
2859 2911 2936 2946 ur
2965 2911 3156 2949 omma
3183 2935 3197 2959 ‚
3245 2911 3441 2958 Quat-

2130 2985 2359 3031 cusqun
2414 2985 2553 3022 inu:
2609 2985 2925 3034 nossa-r,
2984 2987 3200 3024 assus-r
3247 2987 3435 3025 RATA.

2131 3044 2203 3098 de
2242 3043 2372 3116 lege
2412 3061 2541 3115 agr.
2574 3050 2630 3108 5,
2662 3050 2718 3108 2,
2752 3048 2806 3102 5.
2836 3073 2912 3086 —-
2953 3043 3229 3099 Valerius
3261 3044 3442 3099 Flac-

2130 3136 2237 3173 cus
2280 3127 2529 3192 praetor
2572 3116 2835 3175 Sullanis
2895 3118 3265 3193 temporibus
3305 3120 3438 3176 fuit.

2131 3193 2245 3249 Hic
2282 3193 2417 3248 tulit
2444 3193 2665 3268 legem:
2721 3193 2879 3265 Quid
2927 3196 3027 3250 uid
3056 3194 3222 3252 Sulla
3252 3196 3443 3251 dixis-

2130 3280 2253 3335 set,
2297 3269 2396 3325 lex
2423 3277 2601 3325 esset.
2685 3269 2753 3326 Si
2783 3215 2927 3344 quid
2955 3289 3100 3343 ergo
3137 3270 3212 3326 ad
3246 3287 3443 3345 popu-

2128 3344 2252 3400 lum
2288 3345 2524 3401 tulisset
2553 3343 2718 3401 Sulla
2740 3387 2755 3411 ,
2791 3345 3027 3402 valebat
3055 3347 3183 3419 lege
3215 3346 3444 3404 Corne-

2129 3419 2243 3486 lia3
2289 3422 2341 3476 si
2370 3420 2513 3497 quid
2541 3422 2831 3478 voluisset
2860 3422 3060 3478 facere
3090 3432 3150 3477 et
3190 3441 3314 3477 non
3348 3431 3444 3478 tn-

2128 3496 2299 3552 lisset
2354 3497 2426 3552 ad
2473 3498 2757 3572 populum
2787 3539 2800 3561 ,
2866 3497 2979 3554 boc
3033 3496 3271 3555 valebat
3311 3497 3439 3574 lege

2128 3573 2396 3628 Valeria.
2478 3571 2685 3630 Schol.
2731 3571 3005 3629 GronoV.
3066 3572 3139 3629 ad
3186 3573 3441 3631 Roscia-

2129 3667 2356 3780 {tlt}
2387 3652 2539 3779 ἐξ·
2558 3648 3440 3800 3153⁶51¹323255¹33221¹322

2125 3800 2323 3856 sactus
2367 3811 2478 3857 est.
2534 3799 2662 3858 Cfr.
2708 3801 2968 3876 Appian.
3005 3800 3077 3858 Β.
3123 3800 3190 3858 C.
3237 3810 3293 3867 1,
3340 3810 3436 3864 98.

2134 3905 2195 3916 —
2241 3876 2406 3931 Idem
2446 3876 2648 3932 secero
2690 3875 2772 3949 (q.
2805 3895 2865 3932 u.
2897 3895 2952 3932 c.
2988 3883 3117 3936 705.
3163 3881 3225 3933 in
3254 3878 3440 3934 Pom-

2129 3952 2248 4025 peii
2297 3953 2498 4026 suga),
2559 3952 2719 4038 quod
2773 3953 2833 4008 in
2888 3951 3118 4010 Cinnae
3162 3953 3438 4010 domina-

2127 4030 2292 4083 tione
2327 4027 2400 4084 L.
2438 4026 2750 4103 Philippus
2776 4069 2790 4092 ,
2834 4029 2993 4104 quod
3035 4030 3106 4085 L.
3151 4029 3427 4098 Flaccus,

2125 4102 2286 4179 quod
2327 4101 2403 4173 Q.
2447 4103 2705 4160 Mucius.
2766 4102 2839 4159 ad
2880 4105 3007 4161 Att.
3053 4113 3111 4172 8,
3155 4109 3211 4171 3,
3260 4111 3313 4163 6.

2202 4216 2272 4270 1..
2339 4215 2647 4272 Vannius
2694 4215 2967 4272 Fnaccus
3010 4228 3289 4292 praetor,
3355 4216 3430 4281 L,

2125 4282 2350 4346 Valerii
2383 4291 2583 4347 Flacci
2622 4290 2714 4347 bis
2754 4292 3016 4348 consulis
3066 4303 3122 4348 et
3160 4295 3433 4357 censorin

2120 4363 2284 4422 filius
2311 4408 2325 4432 ‚
2360 4364 2653 4422 Cicerone
2684 4367 2934 4423 consule
2958 4410 2970 4431 ‚
3004 4368 3105 4442 qui
3135 4369 3261 4423 eius
3286 4386 3434 4443 ope..

2122 4461 2188 4496 ra
2228 4444 2288 4496 in
2318 4441 2894 4516 comprehendendis
2923 4443 3315 4517 Allobrogum
3345 4444 3438 4500 le..

2121 4519 2276 4591 gatis
2323 4534 2465 4572 usus
2507 4528 2615 4573 est.
2663 4525 2736 4584 (a.
2767 4537 2823 4573 u.
2854 4536 2907 4573 c.
2951 4522 3112 4586 691.)
3156 4519 3216 4573 in
3257 4512 3438 4582 Catil.

2121 4597 2176 4658 5,
2221 4598 2277 4655 2,
2326 4596 2380 4649 5.
2441 4590 2590 4649 Ibid.
2622 4601 2679 4659 6,
2728 4600 2818 4653 13.
2860 4622 2920 4633 —
2965 4593 3158 4649 Homo
3199 4594 3486 4651 milita-'

2120 4671 2228 4723 ris.
2249 4666 2371 4724 Sal.
2400 4666 2679 4726 Catildffi.
2704 4700 2774 4714 —-
2821 4668 2964 4724 Eius
2981 4679 3262 4744 praetura
3294 4671 3393 4727 lau
3413 4712 3448 4724 ..

2121 4742 2257 4798 data
2300 4763 2333 4798 a
2376 4741 2450 4814 Q.
2497 4743 2850 4800 Hortensio.
2911 4744 2983 4798 ad
3012 4745 3138 4800 Au.
3171 4753 3227 4811 2,
3255 4751 3345 4813 25,
3372 4754 3425 4808 1.

2121 4846 2188 4861 -
2229 4818 2300 4874 L.
2346 4819 2617 4884 Flaccus,
2677 4819 2907 4894 legatus
2959 4819 3234 4877 Pisonis:
3280 4826 3424 4891 „vir

2120 4971 2193 5026 iis
2235 4971 2537 5037 consiliis,
2581 4969 2796 5044 quibus
2833 4988 3062 5026 mecum
3104 4973 3163 5028 in
3205 4991 3422 5034 consu.

2091 5046 2243 5116 xlatu
2292 5065 2425 5102 meo
2482 5050 2841 5103 coniunctus
2892 5047 3004 5102 suit
3054 5048 3126 5103 ad
3167 5068 3422 5109 conser-

748 5123 1085 5198 magistrati
1132 5143 1201 5182 us
1243 5121 1564 5201 gerendis,
1611 5125 1673 5177 in
1719 5120 2085 5197 sacerdotio¹
2121 5123 2376 5180 vandam
2418 5140 2543 5178 rem
2585 5121 2923 5196 publicam,
2989 5122 3286 5196 dignior.”
3355 5131 3418 5186 in

684 5268 695 5275 .
752 5199 1259 5276 cerimoniisque,
1304 5198 1519 5277 quibus
1547 5206 1864 5273 praeerat,
1923 5195 2060 5253 dili·
2119 5199 2325 5256 Pison.
2366 5203 2472 5267 25,
2517 5202 2610 5258 541.
2642 5227 2717 5241 -
2775 5200 2845 5256 L.
2892 5198 3143 5257 Flaccus
3188 5201 3417 5277 legatus

758 5276 1172 5352 gentissimum
1226 5277 1506 5354 (propter
1554 5273 1871 5333 Saturnini
1920 5290 2060 5332 cae-
2086 5321 2090 5324 <
2119 5273 2194 5332 ad
2224 5273 2453 5333 Galliae
2486 5274 2760 5332 civitates
2786 5276 3038 5348 missus,
3079 5294 3155 5333 ne
3180 5295 3244 5334 se
3275 5296 3414 5336 cum

2119 4905 2219 4951 tua
2278 4894 2577 4970 legatione
2652 4895 3101 4969 indignissimus
3143 4938 3157 4963 ,
3243 4908 3421 4974 atque
3531 4942 3546 4952 ,
