4367 6084
398 684 407 697 ι
492 648 557 712 820
936 646 988 709 Μ.
1012 644 1170 712 IUNIUS
1191 645 1386 711 BRUTUS.

491 786 599 844 deinde
623 804 657 842 ea
677 783 800 842 dimissa
822 803 850 842 a.
872 804 902 842 ιι.
925 804 951 843 c.
973 790 1038 847 700.
1065 785 1142 844 Por·
1172 805 1228 860 pro
1263 785 1377 849 insula,
1413 786 1464 860 qui
1498 785 1566 840 item
1599 786 1626 841 ei
1658 782 1828 852 dehebant,

492 865 584 930 ciam,
601 860 724 919 Catonis
738 860 888 920 Uticensis
901 859 1003 919 liliam.
1020 861 1070 936 (ad
1080 864 1142 918 Ait.
1172 860 1335 937 probabat;
1359 861 1442 917 cuius
1457 863 1576 933 generis
1591 865 1842 937 conquestiones·

491 942 538 1003 15,
561 943 589 1006 9,
613 945 641 995 2.
668 934 712 1003 lb.
734 933 760 995 E
785 978 793 992 .
816 942 861 1006 10,
885 943 926 1004 5.)
950 967 980 979 -
1003 937 1077 994 Eius
1098 940 1143 992 vi·
1170 939 1305 1012 reperies
1320 939 1446 994 maxime
1461 939 1492 992 iu
1512 935 1589 1011 Epp.
1617 936 1824 1001 16Α11.6,1.

489 1014 586 1069 tricus
605 1024 671 1069 erat
692 1008 731 1071 ll.
756 956 860 1069 lltmm
881 1011 1003 1070 Silanus
1027 1033 1090 1069 cos.
1113 1031 1141 1068 a.
1171 1044 1209 1055 -
1228 1011 1270 1069 Μ.
1302 1011 1413 1069 Brutus
1448 1014 1589 1087 princeps
1618 1013 1677 1067 iam
1707 1011 1828 1096 pridem

490 1106 568 1175 nge.
587 1091 652 1147 692.
680 1085 766 1145 Brut.
785 1091 839 1154 68,
863 1090 926 1146 210.
951 1120 982 1174 Τ
1004 1088 1051 1144 Ex
1070 1088 1144 1143 ado·
1173 1088 1352 1173 iuuentutis,
1382 1087 1539 1189 celeriter,
1567 1095 1600 1142 ut
1619 1106 1727 1163 spero,
1751 1090 1829 1146 cim-

490 1161 1063 1317 tttttnttttldaittlttlttt’
1066 1184 1144 1304 1⁰32?
1172 1169 1360 1296 t‘tttsst
1377 1160 1830 1313 titilt‘llttat..¹.¹;.i

491 1316 571 1371 citur
592 1313 629 1386 Q.
645 1312 756 1390 Caepio
771 1311 894 1371 Brutus.
917 1312 968 1371 Sic
996 1314 1033 1369 ad
1058 1314 1141 1371 Fam.
1173 1313 1228 1387 (C.
1261 1313 1361 1370 Cassi:
1400 1333 1427 1369 a.
1458 1333 1488 1369 u.
1518 1333 1545 1369 c.
1576 1314 1664 1387 701.)
1703 1314 1832 1371 familia-

464 1450 468 1459 ,
492 1397 528 1458 7,
552 1395 600 1448 21.
629 1388 779 1449 adAttic.
805 1396 839 1455 2,
863 1394 916 1455 21,
940 1395 982 1453 2.,
1011 1390 1142 1465 Philipp.
1174 1393 1246 1446 ritas
1266 1408 1335 1451 cam
1355 1388 1450 1446 Bruto
1481 1401 1531 1446 tuo
1552 1392 1689 1445 maxima.
1724 1389 1829 1465 ltaque

491 1468 673 1532 10,11,21.
692 1494 729 1510 -
749 1465 862 1522 Contra
877 1475 1001 1521 vocatur
1016 1465 1056 1522 Μ.
1070 1465 1145 1522 Cae·
1175 1467 1205 1521 in
1239 1473 1341 1523 vestro
1371 1465 1495 1540 ingenio
1522 1465 1728 1521 et-iodustria
1755 1466 1828 1521 mihi

513 1542 543 1596 io
566 1539 644 1615 apud
667 1542 782 1598 A'scon.
809 1540 839 1595 iu
863 1539 969 1596 Milon.
998 1561 1027 1616 Ρ.
1041 1545 1087 1601 56.
1109 1569 1145 1581 -
1174 1541 1334 1615 plurimum
1367 1550 1396 1596 et
1428 1540 1584 1597 suavitatis
1615 1549 1644 1596 et
1673 1539 1828 1617 dignitatis

491 1560 564 1673 Eius
585 1615 682 1672 studia
702 1626 732 1672 ct
751 1614 854 1671 laudes
874 1617 1035 1673 oratoriae.
1059 1614 1145 1673 Brut.
1174 1616 1372 1672 constitutum
1392 1626 1474 1690 puto.
1502 1615 1538 1672 ad
1559 1615 1641 1671 Fam.
1665 1621 1710 1680 15.
1735 1618 1828 1682 tnta

490 1696 540 1759 97,
559 1698 623 1753 551.
643 1720 674 1732 ·-
690 1692 858 1748 Audiverat
870 1690 1061 1748 Pammenem
1075 1693 1145 1751 rhc-
1175 1690 1335 1747 -Brutus
1356 1694 1468 1746 auricus
1489 1702 1551 1758 est;
1575 1693 1606 1747 in
1621 1708 1711 1747 causa
1727 1691 1828 1758 (Pon-

490 1778 606 1833 torem,
642 1767 779 1823 Aristmn
805 1767 1027 1823 Academicum.
1066 1766 1143 1825 lhid.
1173 1767 1301 1843 pciana)
1321 1766 1828 1834 111111111111111.(1111706.)

492 1854 518 1907 1.
530 1846 595 1902 552.
614 1870 653 1883 -
671 1840 831 1899 Excellens
851 1844 933 1898 omni
951 1861 1060 1930 penore
1080 1843 1146 1900 lau·
1173 1841 1211 1899 ad
1224 1842 1287 1898 Att.
1309 1845 1398 1909 11,1,
1416 1849 1443 1899 2.
1463 1869 1498 1885 -
1517 1841 1558 1900 Μ.
1571 1839 1685 1898 Brutus
1698 1840 1827 1921 laquem

491 1910 555 1984 dia,
582 1921 627 1974 sic
653 1917 872 1992 philosophiam
892 1916 1008 1975 Latinis
1037 1919 1145 1976 litteris
1173 1914 1327 1975 inducitur
1357 1919 1387 1973 in
1418 1917 1514 1975 Bruto
1542 1921 1576 1984 5,
1608 1928 1654 1977 10.
1686 1947 1724 1963 -
1753 1917 1827 1975 Post

493 1991 1144 2126 8111111011,116111111161116111611
1174 2011 1303 2068 pugnam
1336 1991 1539 2049 Pharsalicam
1576 1992 1613 2050 ad
1647 1991 1826 2050 Ciceronem

524 2085 623 2125 raecia
653 2069 819 2134 desideret;
853 2069 988 2126 Aristum
1018 2070 1145 2127 Athenis
1174 2067 1331 2143 epistolam
1357 2071 1438 2125 misit
1463 2086 1501 2124 ex
1520 2069 1610 2135 Asia,
1642 2089 1702 2146 qua
1723 2070 1825 2126 Attico

492 2143 608 2202 audivit
628 2143 820 2221 aliquamdiu.
858 2143 953 2209 Acad.
980 2153 1013 2213 1,
1038 2153 1143 2213 5,.12.
1174 2147 1256 2201 visus
1277 2154 1322 2199 est
1341 2152 1371 2200 et
1391 2162 1512 2200 monere
1533 2162 1600 2200 enm
1620 2153 1651 2201 et
1670 2144 1825 2201 consolari

495 2249 526 2261 ·-
561 2219 695 2276 Aristauu
733 2229 763 2276 ct
799 2221 982 2277 Antiochum
1019 2221 1143 2277 audivit.
1174 2220 1365 2276 amicissime.
1405 2218 1483 2277 Ihid.
1511 2224 1538 2289 0.
1572 2229 1616 2278 11.
1651 2250 1683 2262 -
1715 2221 1761 2278 De
1791 2239 1826 2275 eo

493 2294 617 2352 Tuscul.
647 2300 680 2362 5,
709 2302 743 2362 8,
776 2301 822 2353 21.
844 2295 955 2352 -Est
979 2296 1006 2352 is
1027 2315 1145 2374 quoque
1175 2293 1286 2352 Cacsar
1306 2294 1494 2353 solituserat
1512 2294 1630 2353 dicere:
1658 2294 1828 2371 011χυί11-

448 2384 461 2429 ,f
492 2371 690 2436 Antiochino,
716 2377 766 2438 (ut
789 2369 921 2447 Varro.)
950 2370 987 2428 ad
1008 2372 1071 2428 Ati.
1098 2380 1143 2439 15,
1174 2372 1247 2435 lert,
1268 2371 1316 2427 hie
1330 2369 1403 2448 quid
1416 2368 1505 2439 velit,
1526 2369 1580 2427 sed
1594 2370 1740 2448 quidquid
1754 2371 1824 2438 volt,

493 2451 547 2513 25,
572 2450 600 2504 5.
623 2476 660 2488 -
680 2443 722 2503 Μ.
746 2445 859 2503 Brutus
886 2466 923 2503 ox
944 2457 1045 2504 vetere
1065 2447 1146 2504 Aca·
1175 2445 1261 2502 valde
1289 2446 1367 2500 volt:
1396 2445 1484 2522 idque
1510 2465 1542 2501 se
1569 2449 1827 2510 animaduertisse,

494 2521 589 2579 demia
612 2521 859 2597 philosophorum
877 2534 989 2579 sectam
1012 2534 1144 2579 secutos.
1173 2540 1241 2578 cum
1260 2540 1316 2598 piro
1331 2521 1475 2577 Deiotaro
1489 2520 1619 2578 Nicaeae
1640 2523 1765 2578 diceret.
1782 2531 1824 2586 (a.

493 2595 651 2663 15111151,
676 2602 739 2656 120.
759 2624 794 2647 .-
815 2595 882 2654 Ser.
905 2595 1071 2673 Sulpicium
1090 2615 1146 2654 an·
1173 2616 1202 2654 u.
1221 2615 1248 2652 c.
1269 2594 1353 2670 707.)
1382 2595 1420 2652 ad
1439 2597 1501 2652 An.
1530 2599 1583 2660 11,
1614 2608 1646 2664 1,
1674 2606 1702 2654 2.
1725 2628 1762 2642 -
1782 2597 1826 2653 De

493 2671 570 2729 divit
589 2669 683 2729 Sami.
702 2670 789 2733 Brut.
811 2675 858 2738 12,
880 2677 945 2734 156.
967 2703 1004 2718 -·
1025 2672 1145 2748 Optime
1174 2672 1270 2730 Bruto
1302 2682 1425 2739 nostro,
1459 2673 1669 2747 perodiosum:
1703 2672 1756 2729 sed
1786 2675 1826 2728 ita

493 2745 613 2805 tenebat
626 2745 837 2807 Demosthenis
857 2749 1034 2806 sententias.
1056 2748 1143 2807 Orat.
1176 2750 1235 2805 vita
1261 2748 1331 2804 fert.
1370 2745 1515 2805 Mulieres
1545 2758 1642 2804 autern
1671 2749 1722 2804 vix
1751 2747 1825 2804 satis

492 2826 550 2892 59,
582 2829 647 2884 156.
685 2852 722 2868 -
756 2820 799 2879 Μ.
831 2821 943 2881 Brutus
981 2823 1145 2884 lucratione
1175 2827 1319 2890 humane,
1348 2840 1422 2899 qnae
1450 2824 1573 2881 inimico
1593 2823 1691 2879 animo
1710 2823 1821 2889 ierant,

494 2917 613 2973 semper
633 2916 743 2974 operae
763 2899 799 2955 ad
819 2899 1013 2956 scribendum
1033 2912 1083 2957 ant
1103 2901 1146 2957 le·
1174 2918 1242 2957 cum
1260 2909 1387 2975 utraque
1406 2894 1507 2956 officio
1528 2908 1641 2974 pareat.
1671 2906 1718 2967 (a.
1740 2916 1770 2953 n.
1793 2917 1821 2953 e.

493 2974 624 3049 gendum
648 2983 700 3030 aut
723 2973 882 3031 dicendum
910 2976 948 3032 ali
973 2975 1021 3033 uid
1043 2977 1145 3051 rapie·
1175 2979 1254 3042 709.)
1284 2973 1321 3030 ad
1341 2973 1404 3030 Att.
1427 2978 1479 3042 15,
1500 2983 1553 3041 22,
1577 2981 1604 3034 l.
1627 3004 1662 3018 -
1680 2972 1823 3048 (Scilicet

493 3040 555 3108 hat.
585 3049 736 3124 Fragmm.
762 3070 791 3125 p.
815 3055 881 3112 577.
904 3080 939 3094 -
987 3053 1032 3108 ius
1056 3051 1145 3108 sedu-
1175 3051 1384 3107 contentiones
1414 3060 1499 3105 ortae
1529 3060 1617 3106 erant
1642 3052 1719 3107 inter
1746 3049 1824 3105 Por-

493 3124 573 3182 litas.
602 3124 701 3182 Varro
720 3125 782 3181 Ll..
804 3129 832 3191 5,
856 3135 882 3184 1.
904 3145 934 3200 Ρ.
955 3131 999 3185 16.
1020 3155 1053 3170 ··
1074 3126 1146 3185 cot·
1174 3128 1268 3191 ciam,
1290 3143 1396 3181 novam
1412 3128 1571 3200 coniugem
1584 3125 1682 3191 Bruti,
1702 3128 1822 3203 eiusque

494 3202 560 3272 lega
579 3199 636 3256 tuit
661 3199 699 3272 Q.
729 3198 851 3258 Caecilii
874 3201 1054 3273 MetelliPii
1077 3200 1146 3258 Sci·
1175 3210 1299 3257 matram
1320 3198 1499 3267 Serviliam,
1520 3201 1600 3277 quod
1621 3220 1728 3258 socrus
1747 3200 1824 3256 Por·

493 3277 593 3408 piorffis
615 3277 647 3407 gi
669 3273 856 3423 pontigicag.
879 3275 971 3409 (Brut.
1001 3283 1053 3409 53,
1078 3284 1146 3426 {²12j
1174 3278 1237 3332 aiae
1259 3277 1530 3407 ³¹¹¹⁰ff'¹¹t¹¹¹l'⁵¹ld=
1563 3295 1657 3421 ”tulus
1678 3275 1825 3410 Skeirvgiae

492 3381 531 3394 -
585 3393 592 3406 .
643 3370 676 3406 ru
694 3370 728 3407 ua
770 3370 793 3406 s.
846 3393 852 3408 .
904 3371 938 3408 ae
962 3373 991 3409 ro
1041 3371 1126 3408 rous
1174 3369 1307 3407 amorem
1355 3371 1422 3408 roo
1444 3369 1505 3408 mvi
1528 3371 1601 3409 ere.
1639 3382 1670 3393 -·
1728 3395 1734 3407 .
1779 3370 1826 3407 ru-

493 3444 522 3482 a.
545 3444 574 3483 u.
594 3444 621 3481 c.
643 3430 708 3486 695.
731 3372 958 3485 coniurationisp
968 3431 997 3485 iu
1018 3429 1146 3502 Pompe·
1175 3436 1236 3483 tum
1247 3425 1362 3483 Galliae
1373 3426 1543 3502 Cisalpinae
1557 3430 1703 3504 praefecit
1716 3427 1828 3485 Caesar

494 3504 556 3558 inm
580 3501 769 3559 insimulatus
796 3521 812 3558 a
836 3500 936 3559 Vettio
969 3504 1077 3561 iudico.
1109 3501 1146 3558 ad
1176 3511 1347 3577 postauam
1368 3505 1536 3559 victoriam.
1567 3504 1603 3560 16
1623 3504 1706 3560 Fam.
1735 3511 1770 3568 6,
1792 3508 1825 3567 6,

493 3576 558 3635 Α11.
590 3584 622 3644 2,
653 3578 707 3641 21,
737 3585 763 3632 2.
786 3604 820 3620 -
839 3576 954 3634 Deinde
982 3577 1146 3636 abeodem
1179 3586 1222 3638 10.
1247 3607 1276 3617 -
1300 3578 1335 3635 ln
1355 3578 1485 3635 Galliam
1511 3581 1700 3653 provinciam
1727 3580 1828 3654 proie-

494 3653 610 3719 iudice,
632 3651 663 3707 in
678 3651 786 3709 Bostra
827 3653 970 3721 roducto,
995 3656 1144 3710 exiuaitur.
1176 3666 1280 3709 cturus
1301 3665 1366 3710 crat
1386 3674 1413 3710 a.
1436 3674 1464 3709 ιι.
1487 3673 1515 3710 1.
1540 3661 1603 3715 709.
1634 3655 1671 3712 16
1692 3657 1757 3711 Α11.
1783 3660 1826 3720 12,

492 3726 570 3784 Ihid.
595 3726 716 3803 —Ego
737 3730 782 3784 tui
805 3673 892 3785 Bruti
916 3748 979 3786 reru
1005 3731 1048 3787 sie
1077 3751 1145 3805 ago,
1177 3735 1229 3794 27,
1253 3733 1281 3788 5.
1304 3760 1338 3772 -
1361 3729 1489 3787 Galliam
1518 3730 1673 3806 praeclare
1701 3731 1829 3786 admini-

493 3813 526 3857 nt
546 3819 630 3858 snam
654 3804 722 3878 ipse
743 3821 803 3859 nou
825 3825 841 3861 a
864 3814 938 3860 cret.
970 3804 1145 3872 161115,
1175 3806 1292 3861 stravit.
1321 3805 1407 3861 Orat.
1428 3813 1474 3870 10,
1498 3812 1543 3866 51.
1570 3805 1723 3879 Plutarch.
1741 3805 1827 3862 Brut.

495 3885 548 3941 18.
566 3881 592 3963 lt
615 3877 805 3962 -lssrntum
830 3824 978 3936 altiectum
1004 3891 1147 3956 quantum
1176 3887 1205 3938 6.
1226 3912 1260 3924 -
1280 3879 1343 3936 Nec
1363 3898 1417 3955 ego
1432 3878 1560 3937 Brutum
1579 3883 1642 3936 vito
1658 3892 1827 3937 uectamen

494 3963 580 4027 potm
600 3954 745 4019 excitavi,
764 3973 852 4030 quem
869 3973 931 4011 nou
952 3956 1050 4012 miuus
1071 3974 1147 4017 amo,
1176 3953 1213 4011 ab
1234 3974 1270 4011 co
1290 3956 1466 4013 levationem
1488 3956 1578 4012 ullam
1599 3965 1754 4031 exspecto.
1781 3953 1826 4011 lb.

495 4045 583 4105 quam
610 4039 658 4094 tu,
689 4047 784 4104 paene
815 4029 895 4099 dixi,
924 4048 1011 4107 qnam
1037 4042 1076 4088 te.
1110 4030 1146 4087 ad
1177 4030 1233 4106 ΕΡ.
1255 4035 1345 4096 29,1.
1366 4061 1401 4074 -
1422 4030 1470 4087 Ad
1484 4029 1610 4087 Brutum
1624 4035 1650 4087 si
1665 4032 1736 4108 quid
1752 4033 1828 4087 scri-

494 4105 558 4160 Att.
582 4108 616 4169 5,
641 4111 695 4169 20,
720 4108 749 4164 6.
771 4136 807 4149 —
827 4105 901 4162 Eius
922 4106 1077 4164 laruiliaris
1103 4105 1146 4162 M.
1177 4107 1246 4174 hes,
1269 4107 1426 4179 obiurgata
1445 4125 1529 4174 enm,
1552 4105 1632 4183 quod
1647 4108 1679 4163 in
1694 4106 1828 4164 Cumano

495 4175 648 4253 Scaptius.
677 4178 722 4237 lh.
737 4179 794 4256 ΕΡ.
810 4187 865 4251 21,
882 4190 927 4241 10.
946 4182 1037 4239 -De
1050 4182 1147 4240 Bruto
1176 4200 1241 4239 esse
1277 4182 1408 4238 noluerit
1443 4201 1498 4257 pro
1523 4192 1568 4238 ter
1597 4200 1664 4238 eam
1693 4201 1824 4246 cansam,

495 4253 533 4312 ati
557 4265 682 4310 uatenus
703 4257 847 4332 queritur.
874 4255 917 4314 lh.
936 4256 1103 4324 Lih.6‚1,
1121 4264 1146 4319 3.
1176 4276 1265 4335 quam
1288 4257 1342 4314 tihi
1362 4257 1446 4316 dixit.
1509 4259 1635 4331 agitanti
1655 4261 1734 4315 euim
1755 4259 1826 4313 mihi

498 4274 777 4388 -Balaminiorum
789 4332 972 4408 Cypriorum
990 4336 1097 4392 civitas
1115 4338 1146 4392 iu
1178 4333 1249 4389 nihil
1270 4343 1329 4389 tam
1350 4333 1469 4390 ridetur
1495 4336 1628 4409 potuisse
1652 4334 1752 4391 lacere
1773 4351 1826 4388 ru·

494 4407 559 4463 eius
582 4402 640 4462 lide
661 4406 770 4464 locata.
805 4408 882 4466 lliid.
914 4422 939 4473 1.
961 4415 989 4468 5.
1017 4411 1063 4467 Ib.
1088 4412 1144 4486 ΕΡ.
1176 4411 1260 4465 stice.
1284 4416 1328 4475 (1.
1350 4428 1380 4464 ιι.
1403 4428 1429 4465 c.
1453 4414 1539 4483 719.)
1559 4409 1597 4465 ad
1617 4408 1680 4465 Att.
1703 4416 1753 4473 12,
1776 4411 1824 4470 56,

494 4489 530 4550 2,
553 4490 578 4543 7.
604 4499 689 4558 seqq.
718 4483 774 4557 ΕΡ.
795 4489 829 4552 5,
856 4491 882 4543 5.
908 4516 938 4526 -
963 4485 1065 4542 Nullas
1089 4506 1147 4542 un·
1177 4493 1203 4542 2.
1242 4483 1285 4539 Ili.
1320 4484 1377 4559 ΕΡ.
1408 4489 1462 4553 52,
1486 4493 1512 4542 1.
1537 4516 1567 4526 -
1591 4483 1677 4541 Bruti
1710 4483 1826 4539 litterae

496 4574 585 4634 quam
607 4556 643 4613 ad
663 4577 710 4613 me
729 4559 845 4615 litteras
865 4563 946 4617 misit
965 4560 1094 4630 Brutus,
1115 4563 1146 4618 in
1176 4561 1236 4616 scri
1261 4571 1306 4615 tae
1336 4570 1366 4614 et
1398 4562 1561 4633 prudentor
1590 4572 1620 4617 et
1647 4561 1740 4615 arnico
1770 4557 1825 4624 (de

406 4691 412 4709 x
494 4631 603 4709 quihus
618 4652 677 4689 uon
689 4635 800 4692 inesset
811 4655 967 4710 arrogans,
980 4637 1149 4708 άκοινώνη-
1176 4636 1224 4692 Tu
1249 4636 1292 4690 iae
1314 4636 1423 4709 morto)
1444 4637 1552 4693 multas
1574 4636 1644 4692 mihi
1663 4645 1763 4690 tamen
1785 4633 1826 4687 la-

494 4728 549 4767 tur
570 4708 692 4786 aliquid.
731 4710 776 4766 lh.
803 4709 858 4785 ΕΡ.
883 4717 918 4775 5,
942 4721 968 4773 7.
994 4744 1024 4754 -
1048 4712 1148 4769 Perti·
1177 4712 1287 4767 crimus
1307 4711 1481 4769 attulerant.
1510 4711 1554 4767 lh.
1577 4710 1643 4768 Lih·
1667 4719 1708 4776 12,
1733 4715 1778 4774 15,
1804 4719 1828 4765 1.

495 4794 568 4839 nent
600 4785 673 4842 haec
706 4789 805 4843 omnia
833 4787 869 4844 ad
905 4806 1001 4845 anuos
1031 4793 1085 4848 705
1119 4799 1148 4845 et
1183 4786 1341 4843 -Cicero
1362 4786 1536 4864 epistolam,
1569 4807 1625 4864 qua
1652 4786 1698 4842 his
1718 4785 1829 4841 litteris

497 4860 574 4946 794..
594 4880 656 4992 guo
683 4873 816 4936 tempore
836 4864 899 4918 eins
919 4883 981 4919 rem
1004 4864 1147 4939 pecnnia·
1177 4862 1349 4938 respoudit,
1370 4865 1464 4920 Attici
1485 4863 1596 4919 iudicio
1611 4860 1770 4919 submittit.
1793 4860 1830 4916 ad

495 4950 572 4989 raam

496 5005 582 5063 rabat
605 5010 749 5070 adversus
774 5011 939 5070 debitorem
958 5011 1147 5072 Ariobarza-
1177 5034 1271 5083 meam
1291 5014 1328 5071 nd
1347 5014 1473 5091 Brutum
1502 5018 1622 5088 pomis,
1652 5034 1714 5070 nou
1735 5012 1830 5071 habeo

496 5099 581 5149 neni,
604 5084 812 5162 Cappadociae
827 5107 944 5165 regem,
968 5108 1022 5145 nec
1038 5108 1146 5164 magno
1176 5092 1240 5146 eins
1253 5090 1437 5165 excaiaplmn,
1459 5089 1511 5145 sed
1526 5099 1626 5147 tamon
1642 5089 1758 5145 salvum
1772 5096 1827 5150 est,

496 5175 588 5243 opere
620 5163 683 5218 eiua
716 5163 907 5238 cupiditatem
941 5167 1085 5240 pecuniae
1118 5174 1147 5221 et
1176 5177 1206 5222 et
1225 5166 1355 5223 ait'l'iro
1375 5162 1526 5223 tehabcrc
1548 5176 1707 5241 oportere,
1730 5176 1775 5231 et,
1797 5171 1830 5216 at

497 5232 599 5309 iniqua
620 5235 768 5309 posttdata
791 5239 827 5297 de
848 5238 1019 5299 Salaminiis
1039 5242 1070 5298 in
1086 5239 1146 5314 Cy·
1175 5241 1333 5311 recordor,
1354 5259 1413 5298 nna
1434 5258 1500 5298 cum
1521 5241 1602 5299 illius
1622 5238 1827 5316 obiurgatorio

620 4939 701 4993 icero
723 4957 780 5014 pro
803 4939 925 4995 consule
949 4938 1071 4996 Ciliciae
1096 4956 1147 4994 cu·
1176 4940 1239 4996 Att.
1273 4945 1324 5005 12,
1355 4943 1406 5004 18,
1436 4947 1462 4996 2.
1495 4969 1524 4978 -
1556 4939 1644 5011 Quod
1673 4938 1830 5014 epistolam
