4367 6084
1753 585 1763 620 t

513 608 556 735 stt,
642 667 654 723 Ι
1019 660 1069 723 Μ.
1088 655 1339 722 ANTONIUS.

516 804 546 860 in
560 802 751 858 matrimonio
772 796 870 855 stabili
890 807 920 853 et
941 809 1024 855 certo
1042 797 1163 856 locavit.
1196 815 1305 855 nenses
1328 798 1355 852 ei
1374 806 1477 871 portas
1501 807 1694 867 aperuerunt.
1734 797 1780 856 lb.
1803 808 1847 861 18.

510 877 610 940 Nemo
636 896 675 932 un
701 894 766 930 uam
792 892 867 949 puer
892 884 1007 949 emptus
1033 872 1166 931 lihidinis
1197 905 1232 917 -
1253 871 1396 928 Sulmone
1426 873 1461 931 C·
1481 873 1583 928 Attius
1608 873 1753 946 Pelignus
1778 893 1850 952 ape·

514 895 904 1009 causataminitindomini
918 958 1063 1023 potestate
1078 968 1166 1025 qnam
1196 951 1257 1004 ruit
1276 949 1410 1003 Antonio
1434 959 1548 1021 portas.
1578 948 1615 1004 ad
1635 951 1698 1005 Att.
1719 955 1748 1014 8,
1771 956 1799 1017 d,
1820 959 1848 1014 3.

514 1023 1020 1092 tninCurionis.-Ibid.19,!18.
1040 1024 1166 1080 Intirnns
1197 1055 1231 1066 -
1252 1025 1386 1079 Antonio
1407 1023 1513 1078 vellem
1533 1033 1592 1079 tam
1613 1024 1695 1080 facili
1714 1026 1758 1082 nti
1779 1045 1849 1101 pos·

514 1113 580 1159 erat
592 1103 622 1158 in
638 1100 792 1157 tribunatu
809 1098 932 1166 Clodio,
952 1112 992 1167 (a.
1007 1119 1037 1155 ιι.
1051 1120 1076 1156 c.
1088 1105 1167 1166 696.)
1190 1117 1257 1156 sem
1278 1110 1307 1155 et
1323 1110 1383 1154 tam
1398 1097 1478 1154 bono
1494 1104 1523 1154 in
1538 1117 1584 1155 ute
1599 1119 1688 1177 qnam
1702 1099 1848 1162 Curione.

514 1182 578 1235 eins
601 1179 733 1236 omnium
757 1177 964 1231 incendiorum
990 1178 1059 1242 iax;
1082 1178 1166 1231 cuius
1196 1184 1242 1239 (a.
1266 1193 1295 1231 n.
1323 1194 1350 1230 c.
1379 1179 1464 1241 705.)
1499 1173 1615 1231 adAtt.
1634 1181 1735 1244 ¹0,8,
1753 1185 1797 1237 10.
1816 1207 1846 1219 -

515 1256 603 1312 etiarn
624 1252 705 1309 domi
724 1254 782 1308 iam
803 1263 866 1308 tum
885 1250 1026 1327 quiddam
1047 1251 1166 1307 niolitus
1196 1249 1270 1307 Eius
1298 1251 1419 1306 litterae
1448 1248 1485 1306 ad
1517 1249 1694 1307 Ciceronem
1721 1253 1845 1319 missae3

514 1339 568 1387 est.
606 1326 692 1401 (Scil.
718 1337 857 1401 stuprum
880 1345 948 1381 cum
970 1325 1068 1382 Clodii
1092 1345 1167 1400 con·
1195 1327 1303 1402 quibus
1318 1324 1496 1382 hortabatur
1510 1323 1706 1394 Ciceronem,
1725 1327 1847 1401 ntbello

512 1408 580 1481 inge
603 1403 725 1469 Fulvia,
761 1421 850 1478 quam
871 1412 975 1475 postea
1002 1404 1032 1457 in
1060 1403 1167 1457 matri·
1197 1401 1279 1457 civili
1293 1398 1469 1457 abstineret.
1491 1399 1566 1471 ,Sic
1581 1403 1649 1458 volo
1662 1413 1692 1460 te
1705 1402 1762 1460 tibi
1780 1422 1851 1479 per·

513 1482 645 1538 monium
660 1477 768 1547 duxit.)
797 1477 869 1545 lade
882 1481 938 1532 iter
949 1475 1165 1533 Alexandriam
1195 1477 1338 1541 suadere,
1361 1477 1433 1531 mihi
1446 1478 1593 1532 neminem
1613 1495 1680 1533 esse
1698 1482 1847 1537 cariorem

513 1564 559 1626 (a.
581 1575 611 1611 n.
634 1575 661 1611 c.
689 1559 744 1614 697
761 1581 792 1591 -
809 1557 896 1619 699.)
917 1563 1022 1608 contra
1045 1562 1167 1607 senatus
1196 1564 1223 1608 te
1238 1562 1364 1626 excepto
1374 1550 1503 1608 Caesare
1513 1553 1608 1609 atreo.’'
1627 1553 1672 1609 lh.
1686 1555 1743 1631 Ep.
1761 1556 1799 1611 A.
1813 1585 1848 1601 -

514 1633 740 1693 auctoritatem,
759 1639 870 1688 ⁴contra
891 1646 953 1683 rem
973 1625 1168 1700 publicamct
1199 1627 1318 1682 Alterae
1346 1629 1463 1683 litterae
1489 1634 1676 1701 napotutmelc
1704 1631 1766 1687 scri
1790 1641 1847 1686 tae.

513 1709 691 1781 religionem
721 1697 772 1759 sed
796 1699 925 1758 habebat
949 1702 1054 1758 ducem
1075 1700 1164 1759 Gabi·
1197 1700 1241 1758 lb.
1264 1702 1319 1778 Ep.
1344 1711 1395 1769 10,
1412 1710 1438 1757 2.
1458 1731 1492 1745 -
1510 1702 1695 1760 Nominatim
1710 1704 1748 1762 de
1762 1650 1848 1763 Cice·

514 1785 614 1846 niune,
640 1782 759 1857 quicum
787 1779 904 1854 quidvis
932 1779 1098 1834 rectissime
1122 1779 1167 1833 fa·
1196 1797 1270 1834 rone
1293 1781 1333 1833 ait
1354 1778 1514 1835 Caesarem
1536 1777 1593 1835 sihi
1613 1781 1795 1855 imperasse,
1812 1800 1847 1838 ne

477 1901 479 1909 .
515 1876 583 1915 cere
611 1864 722 1931 posset.
773 1852 833 1925 Qui
862 1862 925 1909 tum
955 1854 1023 1909 inde
1054 1854 1167 1910 reditus
1197 1873 1263 1910 enm
1285 1853 1371 1909 ltalia
1392 1856 1476 1909 exire
1497 1856 1638 1928 patiatur.
1668 1855 1783 1913 adlttt.
1803 1865 1846 1924 10,

516 1943 566 1989 aut
586 1931 702 2007 qualis?
730 1928 819 1986 Prius
840 1930 869 1985 in
890 1929 1024 1984 ultimam
1039 1929 1166 1985 Galliam
1199 1938 1249 1988 12.
1272 1935 1297 1985 1.
1316 1959 1354 1971 -
1373 1929 1523 1985 Antonius
1545 1928 1597 1986 vl.
1629 1930 1701 1988 Idus
1728 1939 1794 1999 (10.
1820 1931 1849 1988 d.

516 2029 553 2066 ex
573 2010 713 2082 Aegypto
743 2023 831 2081 quam
853 2004 972 2059 domum
993 2015 1051 2060 cet.
1074 2031 1107 2047 ·-
1128 2005 1165 2059 A.
1198 2004 1270 2061 ltlaii
1293 2024 1320 2060 a.
1344 2009 1428 2071 705.)
1456 2003 1589 2079 Capuam
1612 2007 1767 2080 profectus
1787 2019 1848 2072 est;

515 2104 545 2141 n.
568 2103 595 2139 o.
618 2090 683 2141 701.
705 2079 742 2136 ad
763 2091 952 2156 quaesturam
973 2078 1132 2154 petendam
1152 2096 1168 2134 e
1197 2081 1301 2136 adme
1324 2082 1420 2147 misit,
1442 2096 1474 2134 se
1492 2079 1606 2154 pudore
1621 2080 1798 2140 deterritum
1811 2082 1850 2139 ad

430 2171 435 2180 '
516 2159 611 2217 Gallia
633 2157 757 2214 Romam
777 2155 876 2211 rediit.
903 2155 978 2211 lhid.
998 2162 1052 2222 20,
1075 2159 1166 2213 -l9.-
1198 2174 1318 2212 trienon
1337 2158 1473 2221 venisse,
1495 2156 1848 2231 quodmesihisnccen·

518 2234 667 2307 Quaestor
696 2250 729 2286 es
757 2231 853 2286 lactus
887 2230 933 2302 (a.
963 2250 993 2286 n.
1024 2249 1051 2285 c.
1085 2228 1169 2302 702.)
1199 2250 1266 2288 sere
1290 2241 1418 2305 putaret.
1454 2230 1491 2286 ad
1511 2234 1574 2287 Att.
1604 2240 1656 2297 10,
1687 2238 1740 2300 15,
1762 2242 1791 2296 5.
1813 2263 1850 2277 -

517 2308 631 2367 Deinde
646 2309 788 2364 continuo
803 2307 868 2362 sine
882 2319 1004 2362 senatus
1019 2305 1167 2370 consulto,
1199 2305 1360 2381 Cytherida
1379 2308 1499 2363 mimam
1516 2325 1617 2364 secum
1629 2309 1736 2366 lectica
1748 2321 1850 2384 aperta

518 2388 583 2444 siue
600 2397 699 2448 sorte,
723 2382 787 2437 sine
804 2381 868 2457 lege
886 2381 923 2437 ad
941 2381 1100 2438 Caesarem
1117 2400 1170 2439 cu·
1200 2393 1317 2456 portat,
1336 2381 1459 2437 alteram
1474 2400 1617 2451 uxorem
1633 2395 1747 2460 septem
1761 2404 1850 2462 prae-

519 2462 652 2518 curristi.
681 2459 715 2514 Id
739 2459 818 2512 enim
839 2475 930 2511 unum
950 2458 1084 2512 interris
1101 2474 1171 2528 ege·
1200 2457 1598 2515 tereaeoatunetaelecticae
1609 2462 1785 2527 amicarum,
1798 2478 1849 2518 ese

519 2538 604 2595 statis
614 2536 717 2603 ,aeris
731 2533 837 2599 alieni,
857 2534 1024 2608 nequitiae,
1045 2531 1171 2607 perditis
1200 2533 1851 2612 suntamicorurn.Vide,quamturpiletope·

519 2616 597 2668 vitae
616 2607 785 2667 rationibus
806 2608 974 2681 perfugium
994 2626 1060 2663 esse
1081 2608 1172 2664 duce·
1201 2627 1328 2665 reamns.
1346 2616 1383 2676 (a.
1395 2614 1546 2674 u.c.705·)
1566 2609 1848 2678 adsensurus.

519 2687 584 2745 bas.
623 2684 669 2741 lbi
691 2696 720 2740 te
742 2702 809 2739 cum
824 2693 852 2737 et
867 2684 945 2739 illius
959 2682 1171 2756 largitionibus
1200 2697 1229 2741 et
1240 2685 1295 2759 Ep.
1310 2687 1357 2750 16,
1372 2689 1399 2742 5.
1420 2682 1496 2740 lhid.
1513 2692 1558 2750 11,
1574 2685 1603 2740 l.
1620 2687 1712 2742 -Tu
1726 2688 1850 2743 Antonii

520 2771 551 2819 et
570 2763 628 2817 tuis
648 2760 764 2834 rapinis
784 2758 984 2832 explevisses,
1009 2787 1040 2798 -·
1065 2788 1096 2798 -
1120 2759 1173 2814 ad·
1201 2762 1302 2816 leones
1325 2762 1520 2836 pertimescas
1538 2778 1619 2815 cate.
1645 2760 1727 2818 Nihil
1741 2775 1786 2819 est
1800 2761 1850 2819 illo

521 2837 631 2895 volasti
651 2853 742 2910 egens
763 2834 800 2890 ad
820 2833 1020 2900 tribunatum,
1042 2846 1075 2890 ut
1092 2836 1172 2889 ineo
1201 2838 1319 2893 homine
1332 2834 1500 2891 iucundius.
1519 2835 1650 2891 Attende
1664 2840 1776 2914 πρᾶξιν
1794 2860 1851 2895 ao-

521 2918 715 2988 magistratn,
744 2911 771 2965 si
796 2928 917 2984 posses,
948 2912 1008 2965 viri
1029 2912 1072 2964 tui
1092 2909 1174 2978 (Cu-
1202 2915 1325 2969 λιιικοῠ.
1372 2910 1451 2984 (scil.
1489 2913 1694 2985 arrogantiam
1726 2914 1791 2970 eins
1821 2914 1850 2969 in

522 2989 637 3062 rionis)
666 2986 771 3043 similis
791 3003 884 3040 esses.
923 2983 998 3041 lhid.
1020 2996 1044 3047 1.
1069 2992 1115 3043 50.
1141 3012 1171 3023 -
1203 2985 1304 3041 decem
1323 2988 1436 3060 primos
1463 2996 1491 3042 et
1510 2984 1577 3042 llll.
1599 2989 1682 3043 uiros
1708 2987 1771 3044 Nea
1795 2986 1852 3044 oli·

498 3084 501 3089 *
523 3068 694 3140 Antequam
714 3059 851 3117 tribunus
872 3061 913 3135 pl.
936 3071 1109 3125 crearetur,
1137 3078 1174 3114 ex
1203 3073 1290 3121 tanos
1311 3073 1340 3116 et
1361 3061 1521 3119 Cumanos.
1545 3069 1590 3129 (a.
1611 3080 1640 3118 n.
1664 3082 1690 3118 c.
1710 3007 1793 3138 7051
1815 3062 1851 3119 ad

522 3141 661 3198 Caesaris
681 3138 834 3192 voluntate
854 3153 950 3210 augur
968 3137 1065 3191 laetus
1086 3146 1132 3191 est
1148 3153 1174 3188 a.
1203 3139 1265 3192 Att.
1299 3143 1349 3202 10,
1381 3142 1432 3204 15,
1458 3147 1470 3194 1
1494 3147 1524 3192 et
1543 3143 1569 3193 2.
1589 3168 1626 3180 -
1646 3136 1721 3196 Cuna
1741 3137 1853 3196 Caesar

521 3235 553 3272 n.
585 3234 611 3271 c.
641 3217 707 3273 701.
734 3233 767 3255 ··-
797 3211 979 3267 Refer-untur
1009 3221 1107 3266 autem
1137 3210 1173 3265 ad
1202 3223 1281 3268 esset
1298 3212 1336 3267 ad
1354 3212 1577 3282 Dyrrhachium
1595 3215 1606 3283 (
1615 3231 1641 3268 a.
1661 3232 1690 3269 u.
1711 3231 1739 3270 c.
1757 3218 1851 3282 706.),

523 3293 595 3348 haec
616 3289 698 3345 initia
721 3305 753 3342 se
775 3298 878 3342 nentes
898 3286 956 3341 loci
976 3289 1084 3360 partim
1099 3285 1175 3342 Cae·
1202 3285 1365 3344 Brundisio
1386 3299 1535 3362 praeerat.
1557 3286 1750 3346 Scribonium
1760 3287 1853 3347 Libo-

524 3367 617 3430 saris,
633 3306 930 3438 perambulemus,
952 3363 1062 3436 partim
1076 3363 1174 3417 Asco—
1204 3383 1272 3419 nem
1295 3367 1376 3439 cogit
1399 3366 1536 3420 omittere
1557 3362 1765 3421 obsessionem
1778 3363 1854 3422 Cae·

524 3442 584 3496 nii:
606 3469 642 3482 -
664 3437 816 3494 Summam
845 3455 928 3513 spem
955 3438 1059 3493 salutis
1087 3435 1173 3493 bonis
1203 3443 1407 3496 sarianornm.
1428 3438 1540 3496 Caesar
1557 3437 1855 3507 cimaea-cae-

525 3512 662 3574 oamibns
702 3514 814 3577 attulit,
857 3532 923 3567 cnm
962 3513 997 3568 P.
1035 3512 1174 3569 Clodium
1203 3517 1281 3571 saris
1297 3515 1853 3592 iussuNymphaenm,portumprope

523 3587 694 3650 interlicere
723 3600 863 3646 tentaret.
899 3608 955 3664 pin
983 3589 1095 3645 lllilone
1127 3594 1171 3652 15,
1203 3590 1339 3653 Lissum,
1362 3603 1500 3663 occupat.
1530 3589 1736 3649 tneo-ln
1754 3609 1853 3668 pugna

523 3674 570 3730 tro.
594 3696 625 3708 -
647 3667 809 3721 Accusavit
824 3664 965 3721 Milonem
985 3684 1010 3720 a.
1025 3683 1052 3719 ιι.
1068 3684 1094 3720 c.
1111 3670 1174 3721 702.
1202 3667 1374 3721 Pharsalica
1396 3665 1507 3722 Caesar
1530 3669 1654 3723 sinistro
1672 3685 1770 3723 cornu
1789 3669 1854 3725 An·

522 3745 635 3799 Ascon.
670 3744 700 3796 in
725 3741 830 3797 Milon.
856 3759 885 3814 p.
908 3745 953 3798 ta.
984 3769 1015 3779 -
1044 3739 1173 3813 Legatos
1202 3746 1316 3797 tonium
1350 3744 1532 3816 praeposuit.
1575 3740 1618 3798 lb.
1646 3746 1693 3800 89.
1720 3772 1754 3785 -
1781 3741 1855 3800 Post

524 3817 663 3876 Caesaris
683 3818 714 3871 in
738 3815 881 3872 Gallina.
904 3821 1064 3872 u.c.702.
1099 3815 1174 3870 Cae·
1203 3836 1331 3892 pugnam
1345 3816 1549 3874 Pharsalicam
1569 3815 1675 3874 scribit
1693 3816 1855 3875 Caesarem

525 3891 763 3956 sarGall.7,81.
783 3889 985 3962 -Quaeston
1002 3888 1077 3947 Bell.
1097 3889 1172 3945 Gall.
1203 3892 1259 3949 sihi
1292 3894 1469 3967 scripsisse,
1513 3911 1616 3949 omnes
1652 3892 1853 3967 Pompeianos

525 3977 554 4036 8,
569 3974 596 4024 2.
617 3997 653 4010 -
671 3966 749 4023 Eum
771 3965 882 4022 Caesar
898 3968 965 4031 sine
986 3978 1067 4022 sorte
1082 3984 1174 4041 quae·
1202 3967 1288 4023 ltalia
1312 3966 1466 4042 prohiberi
1490 3970 1548 4025 nisi
1577 3987 1704 4045 quornm
1731 3984 1852 4026 causans

522 4055 634 4102 starem
660 4042 769 4115 delegit
794 4063 821 4097 a.
849 4061 878 4097 u.
901 4060 928 4096 c.
951 4047 1016 4100 702.
1048 4041 1084 4096 ad
1107 4041 1170 4096 Att.
1203 4047 1265 4118 ipse
1287 4045 1495 4116 cognovissem
1528 4046 1627 4119 itaque
1651 4062 1688 4100 ne
1711 4042 1852 4101 Ciceroni

520 4124 588 4188 6,6,
601 4123 628 4177 5.
651 4147 681 4158 -
702 4117 741 4175 Μ.
756 4118 924 4183 Antonius,
947 4118 1034 4172 homo
1050 4115 1171 4173 Caesari
1202 4119 1319 4195 quidem
1335 4119 1431 4174 locum
1452 4137 1528 4174 esse.
1557 4118 1738 4176 Admonitus
1754 4130 1854 4176 antem

521 4194 801 4266 coniunctissimus,
829 4210 923 4267 augur
941 4193 1037 4249 factus
1059 4211 1170 4248 a.u.c.
1201 4215 1216 4249 a
1242 4194 1405 4260 Cicerone,
1431 4193 1592 4251 Caesarem
1612 4192 1787 4252 Dolabellae
1810 4193 1853 4252 di·

522 4274 586 4330 tot.
598 4268 672 4326 Bell.
687 4269 765 4326 Gall.
786 4274 883 4335 8,50.
913 4267 949 4323 ad
968 4269 1031 4324 Att.
1054 4273 1082 4334 9,
1098 4273 1127 4333 9,
1144 4271 1171 4326 5.
1201 4272 1299 4338 xisse,
1322 4281 1355 4326 ut
1378 4268 1415 4324 ad
1435 4288 1467 4325 se
1491 4269 1655 4338 scriberet,
1685 4281 1716 4326 nt
1740 4272 1772 4327 in
1791 4268 1852 4326 Its-

519 4341 588 4403 Lib.
611 4354 662 4410 10,
688 4350 721 4409 1,
747 4351 773 4402 d.
799 4374 829 4385 -
852 4343 893 4399 lt.
915 4343 1042 4399 Antonii
1068 4343 1170 4399 contio
1199 4345 1267 4401 liam
1292 4364 1378 4420 qnam
1399 4347 1525 4420 primunr
1542 4347 1675 4412 veniret,
1698 4347 1849 4402 Antonius

518 4418 618 4478 hahita
637 4418 677 4475 X.
703 4417 770 4475 Kal.
796 4419 858 4475 Ian.
881 4427 945 4488 (23.
969 4419 1042 4476 Dec.
1069 4417 1167 4493 lob),
1199 4425 1238 4476 ita
1258 4421 1351 4476 edixit
1379 4421 1426 4486 (de
1452 4425 1488 4476 iis
1509 4421 1716 4496 Pompeianis,
1743 4419 1850 4497 quibus

517 4498 548 4554 in
571 4514 628 4571 qua
650 4504 715 4550 erat
738 4497 888 4551 accusatio
913 4495 1048 4571 Pompeii
1075 4511 1168 4571 nsque
1198 4507 1267 4570 post
1296 4497 1432 4571 Pompeii
1469 4498 1582 4552 exitum
1611 4499 1642 4552 in
1667 4495 1753 4552 ltalia
1784 4514 1849 4552 esse

517 4591 535 4626 a
560 4582 629 4646 toga
662 4588 754 4644 pura,
789 4572 908 4646 querela
941 4571 977 4627 de
1005 4571 1164 4635 damnatis,
1197 4573 1336 4645 liceret),
1360 4583 1391 4626 nt
1412 4591 1458 4628 me
1484 4575 1639 4646 exciperet
1663 4583 1693 4628 et
1714 4572 1850 4628 Laelium

515 4658 617 4705 terror
640 4664 802 4702 armornm.
838 4645 873 4700 ad
895 4648 949 4700 Att
969 4655 1001 4712 7.
1025 4656 1058 4712 8,
1082 4651 1109 4704 5.
1134 4676 1165 4685 -
1198 4650 1382 4703 nominatim.
1405 4657 1442 4708 (a.
1461 4665 1492 4702 n.
1512 4666 1537 4704 c.
1560 4647 1640 4720 706.)
1663 4648 1701 4704 ad
1719 4649 1781 4703 Att.
1803 4656 1860 4713 11,

515 4721 558 4779 Μ.
586 4722 736 4777 Antonius
766 4719 836 4777 trib.
862 4721 903 4795 pl.
932 4741 959 4776 a.
988 4740 1017 4776 n.
1045 4739 1071 4775 c.
1102 4728 1164 4781 705.
1197 4730 1230 4791 7,
1253 4731 1279 4778 2.
1308 4721 1352 4777 11).
1371 4720 1436 4778 Lih.
1458 4731 1510 4787 12,
1534 4725 1586 4789 19,
1605 4728 1632 4778 2.
1659 4721 1782 4798 lb.‘Ep.
1800 4729 1846 4789 20,

515 4797 675 4854 intercedit
698 4798 864 4853 sententiae
887 4794 1049 4870 Scipionis,
1075 4796 1167 4852 Pom·
1198 4811 1223 4854 t.
1247 4798 1348 4853 -Ad
1374 4817 1440 4853 enan
1468 4798 1572 4854 scribit
1596 4797 1705 4854 Cicero
1731 4809 1846 4874 petens,

513 4874 573 4946 peii
591 4875 698 4929 soceri.
727 4872 838 4930 Caesar
858 4871 922 4928 etv.
946 4879 973 4935 1,
994 4878 1021 4927 2.
1047 4901 1077 4910 -
1101 4874 1166 4928 Αιι-
1194 4884 1227 4929 nt
1247 4871 1305 4930 sibi
1326 4874 1415 4929 liceat
1433 4871 1597 4930 Brundisio
1618 4873 1786 4932 discedere.
1811 4873 1847 4930 ad

512 4949 613 5002 tonius
636 4958 739 5005 noster
762 4959 792 5004 et
822 4946 859 5019 Q.
889 4947 1008 5004 Cassius
1033 4946 1110 5001 nulla
1135 4949 1165 5002 vi
1194 4952 1256 5006 Att.
1289 4958 1340 5015 11,
1377 4958 1427 5017 18,
1463 4960 1490 5008 1.
1520 4978 1555 4989 -
1584 4950 1659 5006 Post
1688 4952 1847 5007 victoriam

512 5020 630 5095 expulsi
664 5024 701 5079 ad
732 5025 891 5082 Caesarem
933 5040 1001 5078 cum
1033 5021 1164 5078 Curione
1194 5025 1399 5081 Pharsalicam
1430 5032 1489 5093 (ex
1517 5044 1574 5101 qna
1605 5023 1640 5080 L.
1668 5025 1845 5093 Domitium,

510 5096 643 5170 protecti
663 5109 739 5154 sunt.
760 5101 801 5175 (a.
819 5118 849 5155 n.
872 5117 898 5155 c.
921 5103 997 5167 705.)
1021 5097 1057 5153 ad
1082 5098 1161 5154 Fam.
1194 5100 1392 5157 clarissimum
1408 5101 1707 5166 virum,oeciderat,
1723 5102 1844 5174 multos,

506 5175 560 5236 16,
586 5181 646 5237 11,
674 5179 702 5228 2.
732 5202 763 5214 ·—
794 5177 822 5232 A
847 5174 975 5232 Caesare
1009 5175 1164 5230 Arretium
1193 5179 1244 5252 qui
1274 5195 1289 5231 e
1316 5176 1432 5251 proelio
1455 5175 1641 5251 effugerant,
1667 5195 1743 5254 qnos
1770 5176 1848 5233 Cae·

502 5249 626 5307 missus.
665 5245 776 5306 Caesar
804 5249 870 5308 civ.
893 5262 928 5319 1,
959 5258 1004 5311 11.
1041 5249 1163 5309 Sulmo-
1193 5271 1243 5309 sar
1274 5253 1403 5310 tortasse
1434 5264 1605 5323 servasset,
1637 5252 1846 5312 crudelissime
