4367 6084
725 660 780 730 Μ.
804 658 1045 731 vatemus
1067 662 1303 731 MESSALA.
1619 660 1680 733 631

339 810 410 871 695.
439 824 507 864 cnm
522 803 563 863 M.
577 803 675 882 Pupio
686 803 809 862 Pisone.
838 804 875 861 ad
891 808 954 862 Att.
969 812 996 872 1,
1029 806 1273 875 lamconsulem,
1297 806 1324 862 si
1344 825 1400 883 per
1418 808 1600 882 interegem,
1617 809 1684 866 sine

338 892 390 951 12,
412 882 548 941 ta-ln
569 900 616 939 ιιιι
630 877 871 957 perhonorificus
885 891 914 937 et
928 900 999 957 par·
1028 882 1156 948 iudicio:
1178 884 1204 938 si
1235 901 1269 938 er
1286 882 1482 953 dictatorem,
1502 887 1683 942 tamensine

336 963 417 1017 tium
445 956 597 1015 studiosus
623 976 659 1014 ac
686 956 827 1043 defensor
850 954 998 1043 bonarum
1028 958 1176 1044 periculo.
1211 902 1288 1019 ibid
1309 957 1366 1044 Ep.
1388 965 1423 1025 9,
1444 963 1471 1017 5.
1509 959 1683 1028 (Messalam

338 1036 522 1168 “Y-‘Mi‘
536 1036 567 1165 ii
578 1032 704 1166 99:1⁰
699 1030 753 1164 {tl
756 1049 834 1163 2²22·
849 1030 999 1164 iiiiii
1028 1031 1684 1168 lt.“blittllttll.⁰..¹'⁰¹¹ltlttl.t

337 1117 398 1255 iis,
422 1129 583 1253 cotidianas,
607 1183 754 1259 diligens,
773 1126 874 1239 basini
893 1149 999 1239 lbuda-
1028 1152 1163 1259 tenipore
1191 1184 1293 1261 plures
1325 1128 1500 1242 consblaius
1529 1186 1684 1244 candidati

338 1275 409 1331 tor,
432 1272 564 1325 ansatur,
587 1260 730 1316 imitator.
758 1258 795 1315 ad
815 1258 997 1325 Att.1,·t!s,
1028 1259 1157 1317 ambitus
1188 1263 1234 1318 rei
1266 1270 1363 1317 erant.
1404 1260 1513 1318 Cicero
1539 1264 1619 1319 enim
1645 1262 1684 1321 ad

340 1343 369 1398 6.
391 1368 425 1382 -
465 1335 595 1394 Messala
625 1334 732 1392 consul
761 1336 792 1390 in
823 1345 930 1391 senatu
961 1331 997 1389 de
1028 1337 1091 1392 Αιι.
1107 1338 1137 1403 lt,
1153 1343 1200 1404 16,
1217 1345 1245 1397 8.
1267 1339 1307 1393 ita
1324 1332 1448 1394 scribit:
1470 1337 1565 1409 ,Tres
1579 1337 1685 1395 candi-

340 1414 488 1489 Pompeio
509 1411 682 1488 quaesivit,
714 1409 843 1487 quidde
864 1408 999 1475 (Clodia-
1028 1413 1089 1469 dati
1114 1413 1180 1468 fore
1199 1415 1244 1469 rei
1263 1411 1466 1488 putabantur,
1496 1413 1646 1470 Domitius
1665 1433 1684 1471 a
1777 1414 1795 1439 ·'

340 1495 395 1558 na)
421 1489 569 1562 religione
589 1495 619 1544 et
640 1486 676 1545 de
699 1486 887 1561 promulgata
908 1504 1000 1561 roga·
1028 1488 1185 1556 Memmio,
1209 1487 1338 1545 Messala
1353 1506 1369 1544 a
1386 1486 1424 1560 Q.
1434 1488 1579 1565 Pompeio
1593 1487 1682 1558 Rufo,

340 1570 425 1623 tione
445 1565 584 1622 sentiret.
614 1563 652 1619 ad
670 1564 735 1619 Αιι.
757 1573 791 1630 1,
827 1565 881 1629 tlt,
913 1567 941 1617 2.
965 1590 996 1602 -
1029 1562 1163 1622 Scaurus
1191 1583 1207 1620 a
1236 1565 1359 1621 Triario
1379 1575 1431 1622 aut
1450 1584 1467 1620 a
1486 1563 1523 1621 L.
1545 1564 1686 1622 Caesare.

340 1641 386 1699 M.
414 1639 555 1698 Valerius
585 1638 738 1705 Messala,
780 1647 884 1694 orator
916 1636 999 1692 nullo
1028 1639 1108 1714 Quid
1125 1639 1250 1716 poteris,
1273 1642 1401 1717 inquies,
1444 1658 1481 1697 ro
1495 1642 1531 1697 iis
1543 1640 1685 1698 dicere?'’

339 1716 433 1774 modo
461 1718 568 1790 inops,
599 1714 652 1772 sed
679 1733 740 1771 non
761 1714 851 1770 nimis
872 1723 998 1770 ornatus
1018 1715 1072 1785 ⁴Ne
1093 1717 1210 1782 vivam,
1244 1717 1271 1772 si
1289 1718 1364 1773 scio.
1417 1660 1454 1773 ib
1480 1715 1539 1772 illis
1565 1716 1685 1793 quidem

341 1810 454 1870 genere
486 1788 666 1857 verborum,
700 1790 854 1865 prudens,
893 1799 998 1845 acutus
1029 1790 1124 1848 tribus
1144 1789 1248 1860 libris,
1280 1809 1356 1868 quoa
1377 1802 1409 1847 ιιι
1430 1791 1578 1858 dilaudas,
1609 1792 1686 1849 nibil

339 1880 401 1926 cet.
430 1867 517 1924 Brut.
541 1873 592 1933 70,
615 1867 680 1924 216.
706 1894 737 1906 -
780 1863 941 1922 Messalam
954 1865 998 1919 tui
1028 1869 1166 1942 reperio:
1197 1885 1237 1937 ,e
1257 1866 1366 1944 quibus
1386 1865 1488 1924 verbis
1508 1868 1685 1942 intelligitur

340 1944 513 2001 studiosum
526 1960 592 1999 esse
611 1939 755 1998 arbitror.
778 1943 819 2016 (a.
834 1959 864 1996 u.
880 1957 907 1996 c·
918 1942 998 2008 696.)
1028 1942 1207 2000 Ciceronem
1227 1942 1301 2000 illud
1317 1940 1447 2000 ambitus
1461 1944 1576 2000 crimen
1590 1945 1686 2000 mani·

340 2020 382 2077 ad
409 2018 447 2091 Q.
475 2019 528 2075 Fr.
557 2025 590 2086 1,
621 2021 654 2083 5,
685 2021 713 2075 9.
738 2044 769 2057 ··
811 2015 850 2074 M.
867 2013 997 2071 Messala
1027 2020 1134 2075 festum
1156 2036 1222 2075 esse
1236 2027 1369 2095 potasse.
1407 2018 1512 2096 ltaque
1525 2018 1561 2076 ad
1577 2018 1615 2093 Q.
1631 2020 1683 2076 Fr.
1732 2060 1740 2071 .

341 2097 479 2172 pontifex
489 2101 570 2163 (nu.
583 2111 610 2150 c.
623 2098 703 2159 697.)
721 2092 757 2148 de
770 2091 902 2165 Harusp.
913 2109 995 2166 resp.
1027 2099 1056 2159 5,
1075 2102 1103 2161 2,
1125 2099 1143 2154 5
1150 2117 1158 2150 =
1191 2111 1283 2170 opera
1302 2091 1441 2161 dabatur,
1463 2105 1497 2152 ut
1517 2094 1626 2153 iudicia
1647 2114 1686 2152 ne

339 2176 379 2238 6,
402 2179 449 2229 12.
470 2200 509 2213 -
535 2168 663 2226 Messala
682 2167 855 2224 consularis
880 2186 908 2222 a.
923 2185 952 2221 ιι.
969 2184 996 2222 ι.
1027 2167 1138 2227 fierent
1169 2180 1199 2227 et
1227 2171 1349 2227 comitia
1369 2168 1575 2227 differrentur.
1624 2168 1686 2228 Sed

341 2250 411 2307 697.
464 2245 549 2302 adest
575 2247 606 2301 in
635 2255 757 2307 senatu,
792 2260 859 2299 cum
890 2242 926 2298 de
953 2243 999 2298 rei
1029 2245 1156 2302 Messala
1177 2255 1240 2301 tum
1261 2263 1317 2321 sup
1339 2243 1530 2303 litationibus
1544 2245 1607 2304 tere
1619 2244 1686 2303 Lx.

340 2322 558 2380 frumentariae
569 2330 716 2395 potestate
735 2318 879 2393 Pompeio
893 2318 999 2390 decer·
1028 2321 1163 2386 dierum,
1196 2322 1243 2377 vel
1263 2331 1297 2377 ιιι
1365 2320 1543 2398 esselingius
1563 2332 1593 2378 et
1611 2320 1685 2379 llei-

340 2399 443 2455 nenda
463 2407 614 2472 ageretur.
654 2395 690 2451 ad
711 2396 774 2451 Au.
797 2395 832 2461 1,
856 2400 889 2460 1,
910 2396 940 2451 6.
1028 2415 1129 2452 marus
1150 2395 1187 2452 ad
1207 2396 1337 2454 Dionem
1358 2396 1427 2466 (Ed.
1451 2395 1554 2455 Stura.
1569 2396 1639 2454 vol.
1655 2403 1683 2458 5.

1027 2491 1058 2548 p.
1081 2477 1161 2539 275.)
1180 2474 1369 2539 existimant,
1389 2471 1461 2529 XX.
1484 2474 1601 2531 dierum
1613 2471 1687 2531 Cae-

382 2546 588 2606 MVanrarns
599 2545 755 2602 Messana.
771 2543 886 2618 (C.F.,
905 2555 938 2599 ut
952 2541 998 2598 di·
1029 2549 1090 2604 sari
1124 2547 1277 2614 decretis,
1313 2551 1515 2606 accusationis
1547 2550 1686 2607 molestie

340 2624 546 2699 cnntPighius
558 2632 587 2678 et
597 2620 735 2678 Goltzius
747 2639 784 2676 ex
792 2623 856 2676 suis
866 2623 998 2676 incertae
1029 2624 1145 2681 levatus
1165 2631 1226 2690 est,
1248 2623 1279 2679 id
1299 2634 1362 2691 est,
1384 2641 1446 2680 non
1459 2623 1616 2681 absolutos
1630 2635 1687 2692 est,

340 2697 414 2758 fidei
436 2700 590 2767 nummis.)
612 2726 648 2740 -
687 2695 817 2752 Messala
843 2706 950 2753 noster
969 2704 999 2751 et
1028 2708 1061 2754 ut
1080 2697 1234 2755 Manutius
1253 2696 1395 2773 putabat,
1418 2700 1470 2757 sed
1491 2718 1529 2756 ιι
1546 2702 1687 2758 accusari

340 2777 407 2833 cios
436 2774 587 2831 Domitius
616 2771 797 2847 (Calvinus)
818 2771 999 2846 competitor
1028 2774 1146 2851 quidem
1166 2775 1281 2848 potnit,
1303 2782 1378 2831 cum‘
1389 2791 1449 2848 pro
1471 2784 1519 2831 ter
1531 2775 1687 2852 supplica-

339 2849 476 2908 liberalis
497 2853 528 2906 in
548 2848 660 2924 populo
680 2847 767 2904 valde
780 2849 847 2905 fnit.
869 2853 910 2916 (a.
926 2865 956 2902 u.
968 2864 996 2903 c.
1027 2853 1126 2906 tiones
1146 2850 1291 2906 iustitium
1305 2859 1396 2906 esset.
1461 2850 1539 2908 aullo
1552 2861 1685 2926 posttea

342 2926 426 2999 700.)
451 2925 488 2982 sd
507 2930 571 2982 Ait·
594 2924 744 2991 4‚16.6·
766 2954 803 2968 -
828 2924 998 2980 Accusatus
1028 2925 1065 2982 ad
1085 2927 1259 3001 interregna
1284 2926 1395 2992 rediit;
1426 2937 1548 3002 tumque
1576 2926 1685 2984 Cicero

342 3022 360 3059 a
390 3001 428 3074 Q.
457 3001 603 3078 Pompeio
631 2999 718 3058 Rufo.
755 2997 831 3057 Ibid.
858 3001 884 3067 6.
914 3008 941 3059 8.
964 3027 995 3039 -
1027 3018 1130 3058 menae
1149 3000 1311 3058 Decembri
1331 3019 1359 3057 a.
1383 3019 1414 3057 u.
1435 3019 1463 3057 c.
1486 3008 1549 3059 700.
1584 3001 1623 3058 ad
1643 3001 1683 3075 Q.

341 3079 418 3136 Eius
427 3079 542 3152 copiae.
558 3075 604 3135 lb.
616 3077 676 3152 Ep.
690 3084 742 3143 17,
759 3083 785 3131 2.
807 3102 839 3115 -
861 3076 998 3131 Accusa-
1028 3076 1079 3134 rr.
1101 3081 1130 3144 5,
1152 3079 1187 3142 9,
1210 3081 1238 3136 5.
1254 3078 1295 3133 ita
1309 3077 1447 3151 scripsit:
1468 3076 1588 3144 ,Video
1602 3077 1685 3134 Mes-

340 3165 394 3211 tns
424 3153 461 3210 de
493 3151 617 3210 ambitu.
648 3149 716 3209 Lib.
743 3155 781 3218 5,
816 3156 868 3220 12,
899 3158 927 3208 2.
960 3179 999 3192 -
1027 3152 1122 3209 salam
1147 3161 1283 3209 nostrum
1302 3150 1481 3219 consulem,
1514 3153 1541 3208 si
1560 3171 1615 3228 per
1635 3153 1685 3209 in-

340 3229 426 3289 Nilril
440 3231 539 3286 minus
560 3228 636 3284 velle
650 3228 723 3285 mibi
745 3229 828 3283 visus
841 3235 889 3282 est
907 3225 999 3283 Pom·
1026 3238 1188 3305 terregem,
1199 3232 1276 3285 uine
1295 3227 1408 3285 iudicio
1419 3227 1435 3249 '’
1454 3227 1498 3302 (id
1513 3238 1570 3296 est,
1593 3246 1685 3286 accu-

341 3307 430 3383 peius
444 3323 533 3381 qnam
555 3303 714 3361 Messalam
734 3301 924 3359 consulatum
945 3318 999 3376 pe·
1028 3304 1090 3361 sari
1110 3322 1172 3361 non
1213 3305 1305 3361 oterit
1324 3302 1361 3361 de
1380 3301 1511 3373 ambitu,
1541 3304 1595 3361 sed
1620 3314 1685 3360 sta-

340 3393 419 3439 tere.
441 3388 480 3448 (a.
503 3399 533 3435 ιι.
555 3399 582 3435 c.
604 3381 686 3446 699.)
707 3375 744 3435 ad
763 3379 827 3434 Att.
849 3380 885 3444 lt,
908 3383 945 3444 9,
966 3381 995 3432 2.
1027 3382 1080 3437 tini
1100 3322 1289 3436 consuiatom
1302 3377 1421 3448 inibita)
1441 3382 1492 3452 ,si
1511 3397 1567 3456 per
1587 3379 1686 3437 dicta·

341 3488 383 3503 -
402 3455 530 3515 Messala
551 3455 674 3528 languet
693 3457 737 3522 (in
761 3454 906 3529 petitione
924 3471 999 3509 cou-
1026 3467 1142 3522 torem,
1164 3467 1264 3512 tamen
1289 3457 1356 3513 sine
1382 3455 1555 3531 periculo.”
1594 3453 1685 3529 Quod

340 3531 500 3591 sulatnaa.
516 3550 543 3586 ιι.
559 3550 586 3587 ι.
603 3536 700 3598 700.);
722 3530 998 3606 nonqnoantani-
1028 3533 1212 3588 verumfuit.
1249 3530 1327 3587 Nam
1341 3530 1471 3589 Messala
1485 3551 1514 3588 a.
1530 3550 1560 3588 u.
1575 3550 1601 3589 c.
1616 3535 1682 3591 705.

339 3626 410 3667 mus
431 3608 509 3664 desit
531 3616 584 3662 aut
602 3607 709 3672 amici,
738 3604 791 3663 sed
813 3607 905 3661 caitio
923 3622 998 3661 con·
1027 3618 1098 3683 post
1146 3606 1213 3664 lura
1238 3609 1412 3681 interregna
1433 3625 1535 3664 mense
1554 3605 1685 3681 Quintili

298 3725 317 3745 ,
340 3683 443 3743 sulum
471 3694 500 3738 et
525 3682 686 3757 Pompeius
715 3679 837 3738 obsunt.
875 3679 913 3736 ad
934 3681 996 3736 Att
1028 3702 1095 3740 cum
1144 3684 1250 3740 omitio
1269 3683 1579 3740 consateraatasesc
1609 3683 1685 3741 Post

339 3763 454 3828 1,15,
480 3765 507 3818 7.
536 3783 571 3800 -·
610 3756 739 3814 Messala
765 3755 875 3813 flaccet
896 3756 937 3830 (a.
967 3775 996 3813 u.
1027 3759 1349 3816 cousulatnma.u.c.
1367 3763 1433 3819 705.
1456 3759 1686 3817 deambituac·

340 3854 372 3892 c.
402 3841 479 3901 700.)
515 3831 553 3890 ad
580 3831 618 3906 Q.
641 3835 692 3891 Fr.
713 3841 746 3898 2,
776 3837 810 3891 15
832 3829 881 3900 b.,
910 3836 939 3891 l.
964 3860 995 3872 -
1027 3847 1149 3892 rosetus
1177 3843 1223 3892 est
1254 3844 1284 3891 et
1308 3834 1486 3892 defendente
1519 3835 1684 3893 Hortensio

340 3911 419 3970 Mihi
444 3909 692 3968 committendum
714 3908 873 3975 nonfuit,
904 3919 937 3964 ut
960 3908 997 3964 iis
1027 3909 1202 3978 absolutus,
1225 3920 1329 3986 postea
1349 3921 1450 3968 tamen
1469 3910 1527 3969 alia
1545 3912 1610 3990 lege
1627 3931 1685 3987 po-

341 3984 527 4043 coitionibus
557 3986 750 4053 interessem,
781 3982 889 4061 quibua
915 3983 999 4041 Mes·
1028 3986 1156 4045 stulatus
1189 3986 1406 4043 condemnatus
1435 3998 1491 4044 est.
1530 3987 1568 4044 ad
1597 3987 1682 4046 Fam.

341 4061 407 4120 sala
438 4060 649 4119 excluderetur
682 4062 711 4137 (a
746 4062 889 4136 petitione
924 4078 998 4117 con·
1028 4067 1055 4120 8.
1078 4062 1136 4139 Ep.
1158 4070 1187 4120 2.
1209 4072 1239 4119 ιι
1257 4064 1286 4119 d.
1315 4062 1378 4120 Cir.
1398 4061 1523 4120 Henrici
1543 4062 1685 4120 Gulielmi

339 4137 477 4205 sulatns,
517 4156 544 4194 a.
579 4157 609 4194 u.
639 4157 667 4194 c.
699 4143 778 4201 700.)
808 4134 846 4191 ad
874 4135 914 4207 Q.
944 4136 996 4192 Fr.
1028 4138 1220 4210 Tydemanni
1250 4138 1493 4196 dissertationem
1522 4139 1559 4195 de
1590 4135 1683 4195 rebus

338 4219 427 4281 5,1,
450 4218 479 4278 5.
503 4221 550 4274 16.
574 4241 609 4256 -
628 4211 709 4285 ΑΟ.
724 4210 869 4285 Pompeio
884 4209 920 4268 de
934 4229 999 4267 am·
1028 4214 1166 4270 iudicatis
1186 4232 1249 4270 non
1274 4214 1493 4271 rescindendis.
1542 4212 1683 4290 Lugduni

336 4288 406 4349 bitu
419 4288 598 4364 postulatus.
628 4286 704 4345 lbid.
715 4286 773 4363 Ep.
785 4291 813 4353 2,
829 4293 856 4348 5.
873 4318 903 4329 -
926 4285 999 4342 Eni·
1027 4287 1134 4345 Bataa.
1158 4291 1263 4356 1799,
1294 4287 1346 4346 ubi
1365 4291 1445 4347 banc
1464 4307 1586 4347 causam
1605 4287 1680 4363 Cap.

337 4377 463 4431 tamur,
498 4376 531 4422 nt
548 4363 676 4422 Messala
697 4373 799 4420 noster
824 4361 927 4419 salvos
950 4364 997 4419 sit
1027 4363 1082 4420 XI.
1117 4362 1195 4420 bene
1233 4365 1398 4439 expedivit.
1438 4363 1614 4431 Scasusrz.)
1644 4393 1681 4408 -

335 4439 416 4500 Ibid.
435 4438 494 4516 Ep.
520 4445 598 4509 5,2.
623 4472 654 4484 -
696 4438 737 4496 Μ.
758 4436 897 4494 Valerius
917 4436 999 4496 Mes·
1029 4438 1070 4497 Μ.
1099 4437 1239 4496 Valerios
1259 4439 1389 4572 Messalp
1409 4439 1514 4497 consul
1542 4459 1570 4496 a.
1598 4458 1628 4495 n.
1651 4459 1678 4496 c.

338 4516 405 4576 sala
432 4518 548 4573 sororis
582 4514 738 4572 Hortensii
763 4510 843 4570 filins
869 4512 998 4571 ambitus
1028 4521 1093 4574 701.
1127 4512 1278 4590 lapidibus
1314 4534 1367 4572 cae
1385 4534 1420 4573 us
1452 4533 1470 4572 a
1505 4514 1541 4572 Ρ.
1581 4513 1680 4573 Clodii

337 4601 499 4650 accusatus
526 4611 554 4647 a.
582 4610 612 4647 ιι.
640 4609 667 4647 c.
695 4597 772 4654 700..
794 4588 936 4646 defensus
960 4586 998 4647 ab
1027 4609 1045 4646 o
1068 4591 1140 4646 eris.
1181 4589 1285 4647 Scbol.
1313 4588 1391 4648 Bob.
1420 4593 1452 4647 in
1478 4609 1524 4647 or.
1553 4589 1590 4647 de
1609 4608 1679 4647 aere

336 4668 524 4735 Hortensio,
559 4667 671 4741 (oratio
700 4663 738 4738 Q.
759 4663 914 4722 Hortensii
936 4683 998 4723 ma·
1027 4610 1066 4723 ab
1088 4664 1153 4723 Mil.
1174 4685 1204 4741 p.
1229 4671 1294 4729 505.
1322 4696 1359 4712 -
1397 4666 1470 4724 Post
1490 4665 1680 4723 consulatum

337 4747 420 4802 xime
443 4743 539 4801 Bruto
567 4740 706 4818 probata)
733 4741 837 4797 consul
865 4759 893 4796 a.
914 4758 944 4798 ιι.
967 4760 995 4798 ι.
1028 4762 1056 4799 a.
1084 4760 1115 4798 n.
1142 4759 1170 4797 c·
1198 4747 1264 4801 705.
1303 4741 1340 4799 de
1365 4740 1678 4811 ambituaccusatus,

338 4826 407 4882 701.
428 4817 516 4877 Brut.
539 4821 592 4885 96,
614 4822 681 4879 528.
704 4847 739 4861 -
759 4814 920 4874 Messalam
939 4817 998 4873 iam
1027 4815 1205 4875 defendente
1225 4815 1263 4889 Q.
1285 4816 1470 4884 Hortensio,
1497 4819 1561 4875 eius
1581 4835 1679 4875 avun-

338 4907 479 4955 nostrnm
505 4893 699 4970 reliquosque
722 4891 858 4949 molestia
881 4891 996 4949 levatos
1026 4893 1106 4960 culo,
1128 4890 1295 4961 absolutus,
1317 4891 1425 4949 deiude
1445 4891 1502 4949 alia
1522 4893 1587 4970 lege
1607 4893 1675 4968 (Li-

338 4972 535 5029 vebementer
551 4970 667 5046 gaudeo
687 4984 813 5044 eumque
831 4968 912 5043 quod
928 4985 997 5026 cer·
1028 4968 1119 5040 cinis)
1139 4968 1367 5026 condemnatus.
1399 4967 1517 5025 Caelius
1537 4970 1575 5027 ad
1594 4970 1677 5029 Fam.

337 5058 406 5106 tum
430 5046 585 5105 consulem
610 5062 678 5101 cnm
701 5043 834 5100 Domitio
855 5061 997 5101 numera·
1025 5054 1061 5112 8,
1085 5052 1119 5114 2,
1141 5054 1169 5103 1.
1191 5041 1267 5103 ibid.
1288 5045 1324 5111 1,
1347 5053 1374 5102 1.
1395 5074 1432 5088 -
1453 5041 1537 5101 Sulla
1551 5046 1678 5104 crasltic

337 5125 404 5193 tis,
426 5123 500 5180 nibil
520 5141 536 5178 a
557 5131 661 5179 nostra
682 5138 700 5176 o
723 5119 824 5176 inione
851 5117 995 5176 dissenti-
1026 5122 1083 5178 erit
1109 5139 1178 5178 cum
1204 5118 1343 5179 Messala.
1383 5116 1518 5176 Currant
1542 5122 1581 5179 ad
1602 5120 1680 5180 Cae·

338 5201 393 5257 tis.
434 5194 499 5331 Epo
514 5196 675 5257 Messalam
710 5195 809 5255 aesari
822 5193 994 5270 praestabo.
1025 5213 1125 5253 sarem
1144 5195 1224 5273 pulsi
1241 5215 1258 5253 a
1278 5191 1434 5255 militibus.
1456 5201 1495 5266 (a.
1510 5215 1540 5254 u.
1556 5216 1582 5254 c.
1597 5202 1678 5267 707.)

339 5270 381 5334 nd
399 5270 438 5348 Q·
482 5286 510 5330 ιι
529 5276 564 5345 t,
586 5280 620 5344 1,
642 5278 670 5338 5.
690 5281 727 5320 d
766 5266 862 5330 Video
880 5266 997 5330 Messa·
1024 5270 1063 5330 ad
1080 5271 1146 5332 aa.
1167 5277 1223 5344 st,
1244 5276 1302 5344 22,
1323 5279 1352 5331 21
1375 5286 1407 5314 ⁶⁸
1428 5268 1614 5344 Videndum,
1636 5276 1674 5330 ne
