<?xml version="1.0" encoding="UTF-8"?>
<!DOCTYPE html PUBLIC "-//W3C//DTD XHTML 1.0 Transitional//EN"
    "http://www.w3.org/TR/xhtml1/DTD/xhtml1-transitional.dtd">
<html xmlns="http://www.w3.org/1999/xhtml" xml:lang="en" lang="en">
 <head>
  <title>
</title>
<meta http-equiv="Content-Type" content="text/html;charset=utf-8" />
  <meta name='ocr-system' content='tesseract 3.04.00' />
  <meta name='ocr-capabilities' content='ocr_page ocr_carea ocr_par ocr_line ocrx_word'/>
</head>
<body>
  <div class='ocr_page' id='page_1' title='image "./operaquaesupers01halmgoog/operaquaesupers01halmgoog_0110.png"; bbox 0 0 4367 6084; ppageno 0'>
   <div class='ocr_carea' id='block_1_1' title="bbox 934 644 1061 713">
    <p class='ocr_par' dir='ltr' id='par_1_1' title="bbox 934 644 1061 713">
     <span class='ocr_line' id='line_1_1' title="bbox 934 644 1061 713; baseline -0.016 0"><span class='ocrx_word' id='word_1_1' title='bbox 934 644 1061 713; x_wconf 84' lang='grc'><strong>100</strong></span> 
     </span>
    </p>
   </div>
   <div class='ocr_carea' id='block_1_2' title="bbox 920 800 2231 1033">
    <p class='ocr_par' dir='ltr' id='par_1_2' title="bbox 920 800 2231 1033">
     <span class='ocr_line' id='line_1_2' title="bbox 1002 800 2225 888; baseline -0.007 -23"><span class='ocrx_word' id='word_1_2' title='bbox 1002 805 1379 865; x_wconf 62' lang='lat' dir='ltr'><strong>Cumanas</strong></span> <span class='ocrx_word' id='word_1_3' title='bbox 1416 801 1614 861; x_wconf 83' lang='lat' dir='ltr'><strong>fabula</strong></span> <span class='ocrx_word' id='word_1_4' title='bbox 1654 802 1729 859; x_wconf 87' lang='lat' dir='ltr'><strong>ad</strong></span> <span class='ocrx_word' id='word_1_5' title='bbox 1762 801 1888 888; x_wconf 77' lang='lat' dir='ltr'><strong>Att.</strong></span> <span class='ocrx_word' id='word_1_6' title='bbox 1916 809 1970 868; x_wconf 98' lang='grc'><strong>1,</strong></span> <span class='ocrx_word' id='word_1_7' title='bbox 2006 800 2097 869; x_wconf 87' lang='grc'><strong>16,</strong></span> <span class='ocrx_word' id='word_1_8' title='bbox 2132 804 2225 860; x_wconf 93' lang='grc'><strong>15.</strong></span> 
     </span>
     <span class='ocr_line' id='line_1_3' title="bbox 921 875 2229 966; baseline -0.006 -27"><span class='ocrx_word' id='word_1_9' title='bbox 921 892 1016 939; x_wconf 88' lang='lat' dir='ltr'><strong>est</strong></span> <span class='ocrx_word' id='word_1_10' title='bbox 1055 884 1268 958; x_wconf 75' lang='lat' dir='ltr'><strong>poe‘ma</strong></span> <span class='ocrx_word' id='word_1_11' title='bbox 1309 883 1371 937; x_wconf 90' lang='lat' dir='ltr'><strong>in</strong></span> <span class='ocrx_word' id='word_1_12' title='bbox 1404 877 2069 966; x_wconf 37' lang='lat' dir='ltr'><strong>laudem-Caeciliorum</strong></span> <span class='ocrx_word' id='word_1_13' title='bbox 2098 875 2229 962; x_wconf 78' lang='lat' dir='ltr'><strong>Me-</strong></span> 
     </span>
     <span class='ocr_line' id='line_1_4' title="bbox 920 953 2231 1033; baseline -0.005 -19"><span class='ocrx_word' id='word_1_14' title='bbox 920 957 1202 1027; x_wconf 85' lang='lat' dir='ltr'><strong>tellorum</strong></span> <span class='ocrx_word' id='word_1_15' title='bbox 1222 999 1238 1026; x_wconf 94' lang='lat'><strong>,</strong></span> <span class='ocrx_word' id='word_1_16' title='bbox 1286 956 1444 1033; x_wconf 85' lang='lat' dir='ltr'><strong>quod</strong></span> <span class='ocrx_word' id='word_1_17' title='bbox 1472 956 1730 1013; x_wconf 74' lang='lat' dir='ltr'><strong>Archias</strong></span> <span class='ocrx_word' id='word_1_18' title='bbox 1770 953 2033 1011; x_wconf 89' lang='lat' dir='ltr'><strong>condere</strong></span> <span class='ocrx_word' id='word_1_19' title='bbox 2061 969 2231 1028; x_wconf 77' lang='lat' dir='ltr'><strong>cogi-</strong></span> 
     </span>
    </p>
   </div>
   <div class='ocr_carea' id='block_1_3' title="bbox 920 1029 2081 1091">
    <p class='ocr_par' dir='ltr' id='par_1_3' title="bbox 920 1029 2081 1091">
     <span class='ocr_line' id='line_1_5' title="bbox 920 1029 2081 1091; baseline -0.007 0"><span class='ocrx_word' id='word_1_20' title='bbox 920 1030 1108 1091; x_wconf 71' lang='lat' dir='ltr'><strong>tabat.</strong></span> <span class='ocrx_word' id='word_1_21' title='bbox 1161 1032 1312 1090; x_wconf 83' lang='lat' dir='ltr'><strong>vide</strong></span> <span class='ocrx_word' id='word_1_22' title='bbox 1352 1033 1430 1088; x_wconf 79' lang='lat' dir='ltr'><strong>A.</strong></span> <span class='ocrx_word' id='word_1_23' title='bbox 1475 1030 1748 1088; x_wconf 76' lang='lat' dir='ltr'><strong>Lxctmus</strong></span> <span class='ocrx_word' id='word_1_24' title='bbox 1787 1029 2081 1087; x_wconf 67' lang='lat' dir='ltr'><strong>Axenus.</strong></span> 
     </span>
    </p>
   </div>
   <div class='ocr_carea' id='block_1_4' title="bbox 902 1139 2237 2050">
    <p class='ocr_par' dir='ltr' id='par_1_4' title="bbox 902 1139 2236 1580">
     <span class='ocr_line' id='line_1_6' title="bbox 999 1139 2229 1203; baseline -0.006 0"><span class='ocrx_word' id='word_1_25' title='bbox 999 1144 1278 1203; x_wconf 66' lang='lat' dir='ltr'><strong>Cassan</strong></span> <span class='ocrx_word' id='word_1_26' title='bbox 1316 1143 1606 1202; x_wconf 63' lang='lat' dir='ltr'><strong>Meum</strong></span> <span class='ocrx_word' id='word_1_27' title='bbox 1644 1159 1855 1199; x_wconf 86' lang='lat' dir='ltr'><strong>omnes</strong></span> <span class='ocrx_word' id='word_1_28' title='bbox 1894 1142 2123 1199; x_wconf 87' lang='lat' dir='ltr'><strong>inimici</strong></span> <span class='ocrx_word' id='word_1_29' title='bbox 2159 1139 2229 1197; x_wconf 93' lang='lat' dir='ltr'><strong>C.</strong></span> 
     </span>
     <span class='ocr_line' id='line_1_7' title="bbox 921 1216 2234 1295; baseline -0.005 -17"><span class='ocrx_word' id='word_1_30' title='bbox 921 1220 1125 1279; x_wconf 78' lang='lat' dir='ltr'><strong>Marii.</strong></span> <span class='ocrx_word' id='word_1_31' title='bbox 1196 1221 1268 1278; x_wconf 88' lang='lat' dir='ltr'><strong>de</strong></span> <span class='ocrx_word' id='word_1_32' title='bbox 1307 1237 1486 1295; x_wconf 81' lang='lat' dir='ltr'><strong>prov.</strong></span> <span class='ocrx_word' id='word_1_33' title='bbox 1530 1236 1698 1275; x_wconf 88' lang='lat' dir='ltr'><strong>cons.</strong></span> <span class='ocrx_word' id='word_1_34' title='bbox 1739 1225 1807 1285; x_wconf 96' lang='grc'><strong>8,</strong></span> <span class='ocrx_word' id='word_1_35' title='bbox 1852 1222 1947 1277; x_wconf 84' lang='grc'><strong>19.</strong></span> <span class='ocrx_word' id='word_1_36' title='bbox 1990 1247 2062 1261; x_wconf 93' lang='lat'><em>-</em></span> <span class='ocrx_word' id='word_1_37' title='bbox 2102 1216 2234 1273; x_wconf 86' lang='lat' dir='ltr'><strong>Me-</strong></span> 
     </span>
     <span class='ocr_line' id='line_1_8' title="bbox 922 1291 2233 1370; baseline -0.006 -16"><span class='ocrx_word' id='word_1_38' title='bbox 922 1296 1203 1354; x_wconf 86' lang='lat' dir='ltr'><strong>tellorum</strong></span> <span class='ocrx_word' id='word_1_39' title='bbox 1230 1295 1507 1370; x_wconf 86' lang='lat' dir='ltr'><strong>sepulcra</strong></span> <span class='ocrx_word' id='word_1_40' title='bbox 1542 1293 1617 1350; x_wconf 89' lang='lat' dir='ltr'><strong>ad</strong></span> <span class='ocrx_word' id='word_1_41' title='bbox 1646 1304 1883 1368; x_wconf 85' lang='lat' dir='ltr'><strong>portam</strong></span> <span class='ocrx_word' id='word_1_42' title='bbox 1910 1291 2233 1367; x_wconf 82' lang='lat' dir='ltr'><strong>Capenam.</strong></span> 
     </span>
     <span class='ocr_line' id='line_1_9' title="bbox 923 1368 2234 1441; baseline -0.005 -12"><span class='ocrx_word' id='word_1_43' title='bbox 923 1372 1173 1429; x_wconf 86' lang='lat' dir='ltr'><strong>Tuscul.</strong></span> <span class='ocrx_word' id='word_1_44' title='bbox 1198 1380 1253 1441; x_wconf 91' lang='grc'><strong>1,</strong></span> <span class='ocrx_word' id='word_1_45' title='bbox 1287 1378 1342 1436; x_wconf 98' lang='grc'><strong>7,</strong></span> <span class='ocrx_word' id='word_1_46' title='bbox 1378 1376 1468 1431; x_wconf 88' lang='grc'><strong>15.</strong></span> <span class='ocrx_word' id='word_1_47' title='bbox 1517 1398 1580 1410; x_wconf 88' lang='lat'><strong>--</strong></span> <span class='ocrx_word' id='word_1_48' title='bbox 1621 1368 1839 1426; x_wconf 83' lang='lat' dir='ltr'><strong>Naevii</strong></span> <span class='ocrx_word' id='word_1_49' title='bbox 1871 1371 1933 1424; x_wconf 91' lang='lat' dir='ltr'><strong>in</strong></span> <span class='ocrx_word' id='word_1_50' title='bbox 1960 1387 2063 1424; x_wconf 86' lang='lat' dir='ltr'><strong>eos</strong></span> <span class='ocrx_word' id='word_1_51' title='bbox 2090 1385 2234 1423; x_wconf 86' lang='lat' dir='ltr'><strong>ver-</strong></span> 
     </span>
     <span class='ocr_line' id='line_1_10' title="bbox 923 1442 2236 1516; baseline -0.006 -13"><span class='ocrx_word' id='word_1_52' title='bbox 923 1449 1184 1505; x_wconf 61' lang='lat' dir='ltr'><strong>siculum</strong></span> <span class='ocrx_word' id='word_1_53' title='bbox 1224 1451 1369 1502; x_wconf 81' lang='lat' dir='ltr'><strong>Fato</strong></span> <span class='ocrx_word' id='word_1_54' title='bbox 1403 1446 1628 1499; x_wconf 79' lang='lat' dir='ltr'><em>Metelli</em></span> <span class='ocrx_word' id='word_1_55' title='bbox 1664 1446 1875 1498; x_wconf 82' lang='lat' dir='ltr'><strong>Romae</strong></span> <span class='ocrx_word' id='word_1_56' title='bbox 1899 1442 2064 1516; x_wconf 79' lang='lat' dir='ltr'><strong>fiunt</strong></span> <span class='ocrx_word' id='word_1_57' title='bbox 2103 1462 2236 1496; x_wconf 80' lang='lat' dir='ltr'><strong>con-</strong></span> 
     </span>
     <span class='ocr_line' id='line_1_11' title="bbox 902 1516 2229 1580; baseline -0.001 -4"><span class='ocrx_word' id='word_1_58' title='bbox 902 1516 1086 1580; x_wconf 55' lang='lat' dir='ltr'><strong>&#39;enta</strong></span> <span class='ocrx_word' id='word_1_59' title='bbox 1156 1523 1600 1580; x_wconf 86' lang='lat' dir='ltr'><strong>Pseudoascon.</strong></span> <span class='ocrx_word' id='word_1_60' title='bbox 1648 1522 1710 1576; x_wconf 91' lang='lat' dir='ltr'><strong>in</strong></span> <span class='ocrx_word' id='word_1_61' title='bbox 1751 1520 1892 1577; x_wconf 85' lang='lat' dir='ltr'><strong>Act.</strong></span> <span class='ocrx_word' id='word_1_62' title='bbox 1941 1518 1990 1575; x_wconf 89' lang='lat'><strong>1.</strong></span> <span class='ocrx_word' id='word_1_63' title='bbox 2047 1517 2229 1575; x_wconf 87' lang='lat' dir='ltr'><strong>Verr.</strong></span> 
     </span>
    </p>

    <p class='ocr_par' dir='ltr' id='par_1_5' title="bbox 920 1594 2237 2050">
     <span class='ocr_line' id='line_1_12' title="bbox 971 1594 2229 1671; baseline -0.006 -15"><span class='ocrx_word' id='word_1_64' title='bbox 971 1639 987 1656; x_wconf 93' lang='lat'><strong>.</strong></span> <span class='ocrx_word' id='word_1_65' title='bbox 1022 1601 1150 1658; x_wconf 76' lang='lat'><strong>¹40.</strong></span> <span class='ocrx_word' id='word_1_66' title='bbox 1209 1599 1322 1654; x_wconf 79' lang='lat' dir='ltr'><strong>cfr.</strong></span> <span class='ocrx_word' id='word_1_67' title='bbox 1353 1599 1594 1671; x_wconf 88' lang='lat' dir='ltr'><strong>Zumpt.</strong></span> <span class='ocrx_word' id='word_1_68' title='bbox 1634 1597 1709 1653; x_wconf 89' lang='lat' dir='ltr'><strong>ad</strong></span> <span class='ocrx_word' id='word_1_69' title='bbox 1736 1594 1912 1652; x_wconf 87' lang='lat' dir='ltr'><strong>Verr.</strong></span> <span class='ocrx_word' id='word_1_70' title='bbox 1943 1613 2003 1670; x_wconf 89' lang='lat' dir='ltr'><strong>p.</strong></span> <span class='ocrx_word' id='word_1_71' title='bbox 2039 1600 2131 1652; x_wconf 88' lang='grc'><strong>72.</strong></span> <span class='ocrx_word' id='word_1_72' title='bbox 2164 1625 2229 1638; x_wconf 88' lang='grc'>-</span> 
     </span>
     <span class='ocr_line' id='line_1_13' title="bbox 920 1616 2233 1745; baseline -0.004 -14"><span class='ocrx_word' id='word_1_73' title='bbox 920 1616 1154 1732; x_wconf 64' lang='lat' dir='ltr'><strong>Eorum</strong></span> <span class='ocrx_word' id='word_1_74' title='bbox 1230 1675 1455 1731; x_wconf 82' lang='lat' dir='ltr'><strong>familia</strong></span> <span class='ocrx_word' id='word_1_75' title='bbox 1530 1672 1752 1730; x_wconf 80' lang='lat' dir='ltr'>Siculis</span> <span class='ocrx_word' id='word_1_76' title='bbox 1829 1671 2233 1745; x_wconf 87' lang='lat' dir='ltr'><strong>patrocinium</strong></span> 
     </span>
     <span class='ocr_line' id='line_1_14' title="bbox 922 1744 2233 1826; baseline -0.005 -19"><span class='ocrx_word' id='word_1_77' title='bbox 922 1744 1239 1826; x_wconf 82' lang='lat' dir='ltr'><strong>praebuit,</strong></span> <span class='ocrx_word' id='word_1_78' title='bbox 1295 1768 1430 1806; x_wconf 91' lang='lat' dir='ltr'><strong>cum</strong></span> <span class='ocrx_word' id='word_1_79' title='bbox 1481 1748 1696 1805; x_wconf 78' lang='lat' dir='ltr'><strong>fuisset</strong></span> <span class='ocrx_word' id='word_1_80' title='bbox 1738 1745 2007 1820; x_wconf 88' lang='lat' dir='ltr'><strong>Lepidus</strong></span> <span class='ocrx_word' id='word_1_81' title='bbox 2059 1747 2119 1802; x_wconf 91' lang='lat' dir='ltr'><strong>in</strong></span> <span class='ocrx_word' id='word_1_82' title='bbox 2165 1764 2233 1801; x_wconf 90' lang='lat' dir='ltr'><strong>ea</strong></span> 
     </span>
     <span class='ocr_line' id='line_1_15' title="bbox 922 1820 2237 1901; baseline -0.002 -20"><span class='ocrx_word' id='word_1_83' title='bbox 922 1827 1239 1901; x_wconf 75' lang='lat' dir='ltr'><strong>provincia</strong></span> <span class='ocrx_word' id='word_1_84' title='bbox 1281 1835 1563 1900; x_wconf 86' lang='lat' dir='ltr'><strong>praetor,</strong></span> <span class='ocrx_word' id='word_1_85' title='bbox 1605 1820 1971 1879; x_wconf 87' lang='lat' dir='ltr'><strong>instantibus</strong></span> <span class='ocrx_word' id='word_1_86' title='bbox 2014 1821 2090 1878; x_wconf 86' lang='lat' dir='ltr'><strong>ad</strong></span> <span class='ocrx_word' id='word_1_87' title='bbox 2132 1840 2237 1879; x_wconf 89' lang='lat' dir='ltr'><strong>ac-</strong></span> 
     </span>
     <span class='ocr_line' id='line_1_16' title="bbox 923 1894 2234 1965; baseline -0.005 -7"><span class='ocrx_word' id='word_1_88' title='bbox 923 1901 1259 1958; x_wconf 84' lang='lat' dir='ltr'><strong>cusandum</strong></span> <span class='ocrx_word' id='word_1_89' title='bbox 1285 1919 1419 1958; x_wconf 88' lang='lat' dir='ltr'><strong>eum</strong></span> <span class='ocrx_word' id='word_1_90' title='bbox 1449 1898 1703 1957; x_wconf 76' lang='lat' dir='ltr'><strong>Metellis</strong></span> <span class='ocrx_word' id='word_1_91' title='bbox 1731 1894 1986 1965; x_wconf 89' lang='lat' dir='ltr'><strong>duobus,</strong></span> <span class='ocrx_word' id='word_1_92' title='bbox 2024 1895 2234 1953; x_wconf 82' lang='lat' dir='ltr'>Celere</span> 
     </span>
     <span class='ocr_line' id='line_1_17' title="bbox 927 1971 2230 2050; baseline -0.004 -18"><span class='ocrx_word' id='word_1_93' title='bbox 927 1986 989 2033; x_wconf 88' lang='lat' dir='ltr'><strong>et</strong></span> <span class='ocrx_word' id='word_1_94' title='bbox 1038 1974 1290 2050; x_wconf 81' lang='lat' dir='ltr'><strong>Nepote.</strong></span> <span class='ocrx_word' id='word_1_95' title='bbox 1385 1976 1833 2033; x_wconf 88' lang='lat' dir='ltr'><strong>Pseudoascon.</strong></span> <span class='ocrx_word' id='word_1_96' title='bbox 1904 1975 1966 2029; x_wconf 92' lang='lat' dir='ltr'><strong>in</strong></span> <span class='ocrx_word' id='word_1_97' title='bbox 2022 1971 2230 2029; x_wconf 84' lang='lat' dir='ltr'><strong>Divin.</strong></span> 
     </span>
    </p>
   </div>
   <div class='ocr_carea' id='block_1_5' title="bbox 922 2059 1167 2129">
    <p class='ocr_par' dir='ltr' id='par_1_6' title="bbox 922 2059 1167 2129">
     <span class='ocr_line' id='line_1_18' title="bbox 922 2059 1167 2129; baseline -0.012 -19"><span class='ocrx_word' id='word_1_98' title='bbox 922 2070 988 2129; x_wconf 87' lang='lat' dir='ltr'><strong>p.</strong></span> <span class='ocrx_word' id='word_1_99' title='bbox 1037 2059 1167 2112; x_wconf 90' lang='grc'><strong>100.</strong></span> 
     </span>
    </p>
   </div>
   <div class='ocr_carea' id='block_1_6' title="bbox 923 2151 2239 2380">
    <p class='ocr_par' dir='ltr' id='par_1_7' title="bbox 923 2151 2239 2380">
     <span class='ocr_line' id='line_1_19' title="bbox 1002 2151 2239 2223; baseline -0.005 -10"><span class='ocrx_word' id='word_1_100' title='bbox 1002 2152 1326 2213; x_wconf 65' lang='lat' dir='ltr'><strong>Caeculus</strong></span> <span class='ocrx_word' id='word_1_101' title='bbox 1352 2155 1452 2223; x_wconf 85' lang='lat' dir='ltr'><strong>(al.</strong></span> <span class='ocrx_word' id='word_1_102' title='bbox 1484 2155 1747 2213; x_wconf 68' lang='lat' dir='ltr'><strong>Carnus</strong></span> <span class='ocrx_word' id='word_1_103' title='bbox 1767 2195 1782 2221; x_wconf 95' lang='lat'>‚</span> <span class='ocrx_word' id='word_1_104' title='bbox 1813 2152 2074 2211; x_wconf 81' lang='lat' dir='ltr'><strong>Schuetz</strong></span> <span class='ocrx_word' id='word_1_105' title='bbox 2114 2151 2239 2217; x_wconf 70' lang='lat' dir='ltr'><strong>CA-</strong></span> 
     </span>
     <span class='ocr_line' id='line_1_20' title="bbox 928 2229 2237 2306; baseline -0.002 -21"><span class='ocrx_word' id='word_1_106' title='bbox 928 2229 1270 2306; x_wconf 73' lang='lat' dir='ltr'><strong>scumus)=</strong></span> <span class='ocrx_word' id='word_1_107' title='bbox 1312 2250 1531 2288; x_wconf 91' lang='lat' dir='ltr'><strong>nomen</strong></span> <span class='ocrx_word' id='word_1_108' title='bbox 1576 2229 1831 2304; x_wconf 84' lang='lat' dir='ltr'><strong>exempli</strong></span> <span class='ocrx_word' id='word_1_109' title='bbox 1877 2247 2057 2286; x_wconf 88' lang='lat' dir='ltr'><strong>causa</strong></span> <span class='ocrx_word' id='word_1_110' title='bbox 2090 2246 2237 2304; x_wconf 83' lang='lat' dir='ltr'><strong>pro·-</strong></span> 
     </span>
     <span class='ocr_line' id='line_1_21' title="bbox 923 2306 1834 2380; baseline -0.002 -18"><span class='ocrx_word' id='word_1_111' title='bbox 923 2309 1208 2380; x_wconf 87' lang='lat' dir='ltr'><strong>positum.</strong></span> <span class='ocrx_word' id='word_1_112' title='bbox 1267 2307 1339 2364; x_wconf 89' lang='lat' dir='ltr'><strong>de</strong></span> <span class='ocrx_word' id='word_1_113' title='bbox 1367 2306 1501 2365; x_wconf 83' lang='lat' dir='ltr'><strong>Inv.</strong></span> <span class='ocrx_word' id='word_1_114' title='bbox 1539 2315 1595 2375; x_wconf 85' lang='lat'><strong>2,</strong></span> <span class='ocrx_word' id='word_1_115' title='bbox 1639 2312 1696 2374; x_wconf 84' lang='grc'><strong>9,</strong></span> <span class='ocrx_word' id='word_1_116' title='bbox 1740 2312 1834 2365; x_wconf 89' lang='grc'><strong>28.</strong></span> 
     </span>
    </p>
   </div>
   <div class='ocr_carea' id='block_1_7' title="bbox 924 2406 2232 2562">
    <p class='ocr_par' dir='ltr' id='par_1_8' title="bbox 924 2406 2232 2562">
     <span class='ocr_line' id='line_1_22' title="bbox 1002 2406 2232 2486; baseline -0.003 -19"><span class='ocrx_word' id='word_1_117' title='bbox 1002 2407 1330 2467; x_wconf 66' lang='lat' dir='ltr'><strong>Careamus</strong></span> <span class='ocrx_word' id='word_1_118' title='bbox 1367 2421 1615 2486; x_wconf 87' lang='lat' dir='ltr'><strong>praetor</strong></span> <span class='ocrx_word' id='word_1_119' title='bbox 1649 2409 1883 2467; x_wconf 89' lang='lat' dir='ltr'><strong>derisus</strong></span> <span class='ocrx_word' id='word_1_120' title='bbox 1912 2427 1945 2466; x_wconf 86' lang='lat' dir='ltr'><strong>a</strong></span> <span class='ocrx_word' id='word_1_121' title='bbox 1973 2406 2232 2466; x_wconf 89' lang='lat' dir='ltr'><strong>Lucilio.</strong></span> 
     </span>
     <span class='ocr_line' id='line_1_23' title="bbox 924 2476 1787 2562; baseline -0.003 -17"><span class='ocrx_word' id='word_1_122' title='bbox 924 2476 1128 2545; x_wconf 71' lang='lat' dir='ltr'><strong>varro</strong></span> <span class='ocrx_word' id='word_1_123' title='bbox 1169 2484 1297 2543; x_wconf 71' lang='grc' dir='ltr'><strong>ιι..</strong></span> <span class='ocrx_word' id='word_1_124' title='bbox 1344 2492 1400 2556; x_wconf 90' lang='lat'><strong>7,</strong></span> <span class='ocrx_word' id='word_1_125' title='bbox 1446 2491 1501 2546; x_wconf 84' lang='grc'><strong>5.</strong></span> <span class='ocrx_word' id='word_1_126' title='bbox 1548 2505 1611 2562; x_wconf 77' lang='lat' dir='ltr'><strong>p.</strong></span> <span class='ocrx_word' id='word_1_127' title='bbox 1654 2490 1787 2546; x_wconf 76' lang='lat'><strong>373.</strong></span> 
     </span>
    </p>
   </div>
   <div class='ocr_carea' id='block_1_8' title="bbox 922 2586 2238 2740">
    <p class='ocr_par' dir='ltr' id='par_1_9' title="bbox 922 2586 2238 2740">
     <span class='ocr_line' id='line_1_24' title="bbox 1002 2586 2238 2667; baseline -0.003 -18"><span class='ocrx_word' id='word_1_128' title='bbox 1002 2586 1075 2649; x_wconf 79' lang='lat' dir='ltr'><strong>C.</strong></span> <span class='ocrx_word' id='word_1_129' title='bbox 1117 2589 1466 2658; x_wconf 67' lang='lat' dir='ltr'><strong>Cancrum,</strong></span> <span class='ocrx_word' id='word_1_130' title='bbox 1509 2607 1693 2667; x_wconf 85' lang='lat' dir='ltr'><strong>eques</strong></span> <span class='ocrx_word' id='word_1_131' title='bbox 1730 2588 2061 2658; x_wconf 83' lang='lat' dir='ltr'><strong>Romanus,</strong></span> <span class='ocrx_word' id='word_1_132' title='bbox 2104 2589 2238 2646; x_wconf 87' lang='lat' dir='ltr'><strong>lau·</strong></span> 
     </span>
     <span class='ocr_line' id='line_1_25' title="bbox 922 2660 1790 2740; baseline -0.003 -17"><span class='ocrx_word' id='word_1_133' title='bbox 922 2660 1106 2723; x_wconf 68' lang='lat' dir='ltr'><strong>datur</strong></span> <span class='ocrx_word' id='word_1_134' title='bbox 1145 2684 1260 2740; x_wconf 89' lang='lat' dir='ltr'><strong>pro</strong></span> <span class='ocrx_word' id='word_1_135' title='bbox 1299 2665 1518 2724; x_wconf 89' lang='lat' dir='ltr'><strong>Flacco</strong></span> <span class='ocrx_word' id='word_1_136' title='bbox 1557 2669 1652 2732; x_wconf 72' lang='lat'><strong>56,</strong></span> <span class='ocrx_word' id='word_1_137' title='bbox 1696 2670 1790 2727; x_wconf 83' lang='grc'><strong>89.</strong></span> 
     </span>
    </p>
   </div>
   <div class='ocr_carea' id='block_1_9' title="bbox 925 2764 2239 3073">
    <p class='ocr_par' dir='ltr' id='par_1_10' title="bbox 925 2764 2239 3073">
     <span class='ocr_line' id='line_1_26' title="bbox 1002 2764 2236 2842; baseline 0.001 -17"><span class='ocrx_word' id='word_1_138' title='bbox 1002 2764 1079 2841; x_wconf 90' lang='lat' dir='ltr'><strong>Q.</strong></span> <span class='ocrx_word' id='word_1_139' title='bbox 1111 2767 1459 2826; x_wconf 67' lang='lat' dir='ltr'><strong>Carcinus.</strong></span> <span class='ocrx_word' id='word_1_140' title='bbox 1519 2767 1594 2842; x_wconf 92' lang='lat' dir='ltr'><strong>Q.</strong></span> <span class='ocrx_word' id='word_1_141' title='bbox 1627 2767 1974 2837; x_wconf 88' lang='lat' dir='ltr'><strong>Caecilium,</strong></span> <span class='ocrx_word' id='word_1_142' title='bbox 2002 2771 2236 2826; x_wconf 86' lang='lat' dir='ltr'><strong>sororis</strong></span> 
     </span>
     <span class='ocr_line' id='line_1_27' title="bbox 927 2844 2239 2922; baseline 0.001 -23"><span class='ocrx_word' id='word_1_143' title='bbox 927 2860 1070 2900; x_wconf 88' lang='lat' dir='ltr'><strong>suae</strong></span> <span class='ocrx_word' id='word_1_144' title='bbox 1099 2847 1320 2913; x_wconf 86' lang='lat' dir='ltr'><strong>virum,</strong></span> <span class='ocrx_word' id='word_1_145' title='bbox 1365 2847 1624 2922; x_wconf 85' lang='lat' dir='ltr'><strong>equitem</strong></span> <span class='ocrx_word' id='word_1_146' title='bbox 1651 2844 2002 2913; x_wconf 83' lang='lat' dir='ltr'><strong>Romanum,</strong></span> <span class='ocrx_word' id='word_1_147' title='bbox 2042 2845 2239 2902; x_wconf 87' lang='lat' dir='ltr'><strong>nulla-</strong></span> 
     </span>
     <span class='ocr_line' id='line_1_28' title="bbox 925 2923 2235 2997; baseline 0 -21"><span class='ocrx_word' id='word_1_148' title='bbox 925 2936 1061 2976; x_wconf 81' lang='lat' dir='ltr'><strong>rum</strong></span> <span class='ocrx_word' id='word_1_149' title='bbox 1093 2923 1381 2995; x_wconf 88' lang='lat' dir='ltr'><strong>partium,</strong></span> <span class='ocrx_word' id='word_1_150' title='bbox 1426 2939 1562 2977; x_wconf 89' lang='lat' dir='ltr'><strong>cum</strong></span> <span class='ocrx_word' id='word_1_151' title='bbox 1596 2938 1834 2997; x_wconf 79' lang='lat' dir='ltr'><strong>semper</strong></span> <span class='ocrx_word' id='word_1_152' title='bbox 1861 2931 2073 2977; x_wconf 87' lang='lat' dir='ltr'><strong>natura</strong></span> <span class='ocrx_word' id='word_1_153' title='bbox 2108 2931 2235 2976; x_wconf 89' lang='lat' dir='ltr'><strong>tum</strong></span> 
     </span>
     <span class='ocr_line' id='line_1_29' title="bbox 926 2995 2235 3073; baseline -0.001 -21"><span class='ocrx_word' id='word_1_154' title='bbox 926 2995 1107 3053; x_wconf 87' lang='lat' dir='ltr'><strong>etiam</strong></span> <span class='ocrx_word' id='word_1_155' title='bbox 1158 3007 1369 3053; x_wconf 86' lang='lat' dir='ltr'><strong>natura</strong></span> <span class='ocrx_word' id='word_1_156' title='bbox 1426 2998 1724 3073; x_wconf 87' lang='lat' dir='ltr'><strong>quietum,</strong></span> <span class='ocrx_word' id='word_1_157' title='bbox 1781 2998 1908 3053; x_wconf 90' lang='lat' dir='ltr'><strong>suis</strong></span> <span class='ocrx_word' id='word_1_158' title='bbox 1960 2996 2235 3053; x_wconf 86' lang='lat' dir='ltr'><strong>manibus</strong></span> 
     </span>
    </p>
   </div>
   <div class='ocr_carea' id='block_1_10' title="bbox 920 3069 2236 3220">
    <p class='ocr_par' dir='ltr' id='par_1_11' title="bbox 920 3069 2236 3220">
     <span class='ocr_line' id='line_1_30' title="bbox 923 3069 2232 3143; baseline -0.001 -16"><span class='ocrx_word' id='word_1_159' title='bbox 923 3069 1147 3128; x_wconf 84' lang='lat' dir='ltr'><strong>occidit</strong></span> <span class='ocrx_word' id='word_1_160' title='bbox 1194 3071 1473 3130; x_wconf 79' lang='lat' dir='ltr'><strong>Catilina.</strong></span> <span class='ocrx_word' id='word_1_161' title='bbox 1555 3071 1628 3143; x_wconf 92' lang='lat' dir='ltr'><strong>Q.</strong></span> <span class='ocrx_word' id='word_1_162' title='bbox 1674 3070 1802 3130; x_wconf 89' lang='lat' dir='ltr'><strong>Cic.</strong></span> <span class='ocrx_word' id='word_1_163' title='bbox 1861 3071 1933 3128; x_wconf 90' lang='lat' dir='ltr'><strong>de</strong></span> <span class='ocrx_word' id='word_1_164' title='bbox 1980 3072 2110 3129; x_wconf 84' lang='lat' dir='ltr'><strong>Pet.</strong></span> <span class='ocrx_word' id='word_1_165' title='bbox 2161 3069 2232 3129; x_wconf 91' lang='lat' dir='ltr'><strong>C.</strong></span> 
     </span>
     <span class='ocr_line' id='line_1_31' title="bbox 920 3145 2236 3220; baseline -0.003 -14"><span class='ocrx_word' id='word_1_166' title='bbox 920 3154 982 3213; x_wconf 85' lang='grc'><strong>2,</strong></span> <span class='ocrx_word' id='word_1_167' title='bbox 1013 3152 1071 3206; x_wconf 86' lang='grc'><strong>9.</strong></span> <span class='ocrx_word' id='word_1_168' title='bbox 1116 3177 1179 3190; x_wconf 89' lang='grc'><strong>-</strong></span> <span class='ocrx_word' id='word_1_169' title='bbox 1225 3145 1300 3220; x_wconf 92' lang='lat' dir='ltr'><strong>Q.</strong></span> <span class='ocrx_word' id='word_1_170' title='bbox 1328 3146 1628 3206; x_wconf 80' lang='lat' dir='ltr'><strong>Caecilius</strong></span> <span class='ocrx_word' id='word_1_171' title='bbox 1670 3149 1907 3204; x_wconf 89' lang='lat' dir='ltr'><strong>occisus</strong></span> <span class='ocrx_word' id='word_1_172' title='bbox 1946 3165 1979 3200; x_wconf 84' lang='lat' dir='ltr'><strong>a</strong></span> <span class='ocrx_word' id='word_1_173' title='bbox 2013 3145 2085 3203; x_wconf 90' lang='lat' dir='ltr'><strong>L.</strong></span> <span class='ocrx_word' id='word_1_174' title='bbox 2116 3145 2236 3203; x_wconf 89' lang='lat' dir='ltr'><strong>Ca-</strong></span> 
     </span>
    </p>
   </div>
   <div class='ocr_carea' id='block_1_11' title="bbox 921 3220 3605 3355">
    <p class='ocr_par' dir='ltr' id='par_1_12' title="bbox 921 3220 3605 3355">
     <span class='ocr_line' id='line_1_32' title="bbox 921 3220 2271 3298; baseline -0.001 -20"><span class='ocrx_word' id='word_1_175' title='bbox 921 3220 1133 3289; x_wconf 85' lang='lat' dir='ltr'><strong>tilina,</strong></span> <span class='ocrx_word' id='word_1_176' title='bbox 1180 3221 1554 3298; x_wconf 82' lang='lat' dir='ltr'><strong>temporibus</strong></span> <span class='ocrx_word' id='word_1_177' title='bbox 1576 3220 1861 3279; x_wconf 80' lang='lat' dir='ltr'><strong>Sullanis.</strong></span> <span class='ocrx_word' id='word_1_178' title='bbox 1914 3225 2141 3279; x_wconf 84' lang='lat' dir='ltr'><strong>Ascon.</strong></span> <span class='ocrx_word' id='word_1_179' title='bbox 2168 3223 2271 3278; x_wconf 46' lang='lat' dir='ltr'><strong>in.</strong></span> 
     </span>
     <span class='ocr_line' id='line_1_33' title="bbox 2268 3287 3605 3355; baseline 0.001 -9"><span class='ocrx_word' id='word_1_180' title='bbox 2268 3312 2271 3324; x_wconf 47' lang='lat'><strong>‘¹</strong></span> <span class='ocrx_word' id='word_1_181' title='bbox 2292 3288 2551 3346; x_wconf 86' lang='lat' dir='ltr'><strong>Caesare</strong></span> <span class='ocrx_word' id='word_1_182' title='bbox 2607 3289 2923 3346; x_wconf 75' lang='lat' dir='ltr'><strong>interfecto</strong></span> <span class='ocrx_word' id='word_1_183' title='bbox 2963 3289 3174 3355; x_wconf 82' lang='lat' dir='ltr'><strong>allato,</strong></span> <span class='ocrx_word' id='word_1_184' title='bbox 3225 3287 3460 3347; x_wconf 88' lang='lat' dir='ltr'><strong>firmior</strong></span> <span class='ocrx_word' id='word_1_185' title='bbox 3505 3290 3605 3346; x_wconf 80' lang='lat' dir='ltr'><strong>fu-</strong></span> 
     </span>
    </p>
   </div>
   <div class='ocr_carea' id='block_1_12' title="bbox 920 3297 2234 3450">
    <p class='ocr_par' dir='ltr' id='par_1_13' title="bbox 920 3297 2234 3450">
     <span class='ocr_line' id='line_1_34' title="bbox 920 3297 2234 3374; baseline 0.001 -22"><span class='ocrx_word' id='word_1_186' title='bbox 920 3305 1045 3373; x_wconf 74' lang='lat' dir='ltr'><strong>tog.</strong></span> <span class='ocrx_word' id='word_1_187' title='bbox 1095 3298 1270 3354; x_wconf 86' lang='lat' dir='ltr'><strong>caud.</strong></span> <span class='ocrx_word' id='word_1_188' title='bbox 1326 3318 1387 3374; x_wconf 88' lang='lat' dir='ltr'><strong>p.</strong></span> <span class='ocrx_word' id='word_1_189' title='bbox 1432 3299 1527 3358; x_wconf 66' lang='lat'><strong>84.</strong></span> <span class='ocrx_word' id='word_1_190' title='bbox 1607 3297 1718 3355; x_wconf 86' lang='lat' dir='ltr'><strong>Est</strong></span> <span class='ocrx_word' id='word_1_191' title='bbox 1769 3298 2026 3354; x_wconf 82' lang='lat' dir='ltr'><strong>fortasse</strong></span> <span class='ocrx_word' id='word_1_192' title='bbox 2079 3298 2234 3357; x_wconf 89' lang='lat' dir='ltr'><strong>idem</strong></span> 
     </span>
     <span class='ocr_line' id='line_1_35' title="bbox 922 3386 1405 3450; baseline 0 -21"><span class='ocrx_word' id='word_1_193' title='bbox 922 3390 1059 3429; x_wconf 84' lang='lat' dir='ltr'><strong>cum</strong></span> <span class='ocrx_word' id='word_1_194' title='bbox 1098 3386 1405 3450; x_wconf 87' lang='lat' dir='ltr'><strong>sequente.</strong></span> 
     </span>
    </p>
   </div>
   <div class='ocr_carea' id='block_1_13' title="bbox 916 3474 2236 4613">
    <p class='ocr_par' dir='ltr' id='par_1_14' title="bbox 916 3474 2236 4613">
     <span class='ocr_line' id='line_1_36' title="bbox 994 3474 2236 3609; baseline -0.002 -78"><span class='ocrx_word' id='word_1_195' title='bbox 994 3474 1074 3609; x_wconf 52' lang='lat' dir='ltr'><strong>Q.</strong></span> <span class='ocrx_word' id='word_1_196' title='bbox 1139 3475 1489 3535; x_wconf 65' lang='lat' dir='ltr'><strong>caremus.</strong></span> <span class='ocrx_word' id='word_1_197' title='bbox 1580 3476 1789 3553; x_wconf 83' lang='lat' dir='ltr'><strong>Nuper</strong></span> <span class='ocrx_word' id='word_1_198' title='bbox 1854 3495 1988 3534; x_wconf 90' lang='lat' dir='ltr'><strong>cum</strong></span> <span class='ocrx_word' id='word_1_199' title='bbox 2048 3478 2109 3534; x_wconf 89' lang='lat' dir='ltr'><strong>in</strong></span> <span class='ocrx_word' id='word_1_200' title='bbox 2167 3477 2236 3534; x_wconf 92' lang='lat' dir='ltr'><strong>P.</strong></span> 
     </span>
     <span class='ocr_line' id='line_1_37' title="bbox 921 3550 2231 3627; baseline -0.001 -18"><span class='ocrx_word' id='word_1_201' title='bbox 921 3550 1013 3609; x_wconf 81' lang='lat' dir='ltr'><strong>Ga</strong></span> <span class='ocrx_word' id='word_1_202' title='bbox 1060 3554 1247 3609; x_wconf 90' lang='lat' dir='ltr'><strong>inium</strong></span> <span class='ocrx_word' id='word_1_203' title='bbox 1286 3559 1653 3627; x_wconf 77' lang='lat' dir='ltr'><strong>(praetorem</strong></span> <span class='ocrx_word' id='word_1_204' title='bbox 1693 3571 1747 3607; x_wconf 90' lang='lat' dir='ltr'><strong>a.</strong></span> <span class='ocrx_word' id='word_1_205' title='bbox 1775 3571 1834 3610; x_wconf 91' lang='lat' dir='ltr'><strong>u.</strong></span> <span class='ocrx_word' id='word_1_206' title='bbox 1865 3572 1919 3610; x_wconf 91' lang='lat' dir='ltr'><strong>c.</strong></span> <span class='ocrx_word' id='word_1_207' title='bbox 1955 3553 2119 3626; x_wconf 86' lang='lat'><strong>665.)</strong></span> <span class='ocrx_word' id='word_1_208' title='bbox 2158 3553 2231 3610; x_wconf 67' lang='lat'><strong>1..</strong></span> 
     </span>
     <span class='ocr_line' id='line_1_38' title="bbox 918 3624 2230 3703; baseline -0.002 -18"><span class='ocrx_word' id='word_1_209' title='bbox 918 3624 1066 3685; x_wconf 84' lang='lat' dir='ltr'><strong>Piso</strong></span> <span class='ocrx_word' id='word_1_210' title='bbox 1127 3627 1488 3684; x_wconf 89' lang='lat' dir='ltr'><strong>delationem</strong></span> <span class='ocrx_word' id='word_1_211' title='bbox 1549 3628 1811 3685; x_wconf 89' lang='lat' dir='ltr'><strong>nominis</strong></span> <span class='ocrx_word' id='word_1_212' title='bbox 1873 3628 2230 3703; x_wconf 76' lang='lat' dir='ltr'><strong>postularet,</strong></span> 
     </span>
     <span class='ocr_line' id='line_1_39' title="bbox 922 3702 2232 3779; baseline 0.001 -21"><span class='ocrx_word' id='word_1_213' title='bbox 922 3711 985 3759; x_wconf 84' lang='lat' dir='ltr'><strong>et</strong></span> <span class='ocrx_word' id='word_1_214' title='bbox 1020 3714 1234 3759; x_wconf 89' lang='lat' dir='ltr'><strong>contra</strong></span> <span class='ocrx_word' id='word_1_215' title='bbox 1269 3702 1345 3774; x_wconf 90' lang='lat' dir='ltr'><strong>Q.</strong></span> <span class='ocrx_word' id='word_1_216' title='bbox 1378 3703 1671 3761; x_wconf 78' lang='lat' dir='ltr'><strong>Caecilius</strong></span> <span class='ocrx_word' id='word_1_217' title='bbox 1709 3714 1944 3779; x_wconf 85' lang='lat' dir='ltr'><strong>peteret</strong></span> <span class='ocrx_word' id='word_1_218' title='bbox 1974 3705 2144 3779; x_wconf 86' lang='lat' dir='ltr'><strong>isque</strong></span> <span class='ocrx_word' id='word_1_219' title='bbox 2168 3723 2232 3759; x_wconf 91' lang='lat' dir='ltr'><strong>se</strong></span> 
     </span>
     <span class='ocr_line' id='line_1_40' title="bbox 921 3779 2234 3854; baseline 0 -19"><span class='ocrx_word' id='word_1_220' title='bbox 921 3787 1159 3835; x_wconf 77' lang='lat' dir='ltr'><strong>veteres</strong></span> <span class='ocrx_word' id='word_1_221' title='bbox 1211 3779 1554 3836; x_wconf 88' lang='lat' dir='ltr'><strong>inimicitias</strong></span> <span class='ocrx_word' id='word_1_222' title='bbox 1604 3781 1723 3836; x_wconf 86' lang='lat' dir='ltr'><strong>iam</strong></span> <span class='ocrx_word' id='word_1_223' title='bbox 1775 3779 1876 3835; x_wconf 89' lang='lat' dir='ltr'><strong>diu</strong></span> <span class='ocrx_word' id='word_1_224' title='bbox 1920 3788 2234 3854; x_wconf 82' lang='lat' dir='ltr'><strong>susceptas</strong></span> 
     </span>
     <span class='ocr_line' id='line_1_41' title="bbox 921 3853 2235 3929; baseline 0.001 -20"><span class='ocrx_word' id='word_1_225' title='bbox 921 3856 1205 3929; x_wconf 82' lang='lat' dir='ltr'><strong>persequi</strong></span> <span class='ocrx_word' id='word_1_226' title='bbox 1272 3853 1559 3921; x_wconf 86' lang='lat' dir='ltr'><strong>diceret„</strong></span> <span class='ocrx_word' id='word_1_227' title='bbox 1607 3873 1742 3911; x_wconf 91' lang='lat' dir='ltr'><strong>cum</strong></span> <span class='ocrx_word' id='word_1_228' title='bbox 1795 3855 2123 3911; x_wconf 75' lang='lat' dir='ltr'><strong>auctoritas</strong></span> <span class='ocrx_word' id='word_1_229' title='bbox 2174 3864 2235 3910; x_wconf 88' lang='lat' dir='ltr'><strong>et</strong></span> 
     </span>
     <span class='ocr_line' id='line_1_42' title="bbox 924 3926 2231 4007; baseline -0.001 -21"><span class='ocrx_word' id='word_1_230' title='bbox 924 3927 1184 4007; x_wconf 77' lang='lat' dir='ltr'><strong>dignitas</strong></span> <span class='ocrx_word' id='word_1_231' title='bbox 1205 3928 1444 3986; x_wconf 87' lang='lat' dir='ltr'><strong>Pisonis</strong></span> <span class='ocrx_word' id='word_1_232' title='bbox 1467 3926 1705 3987; x_wconf 79' lang='lat' dir='ltr'><strong>valebat</strong></span> <span class='ocrx_word' id='word_1_233' title='bbox 1724 3929 2071 4004; x_wconf 81' lang='lat' dir='ltr'><strong>plurimum,</strong></span> <span class='ocrx_word' id='word_1_234' title='bbox 2106 3939 2231 3985; x_wconf 89' lang='lat' dir='ltr'><strong>tum</strong></span> 
     </span>
     <span class='ocr_line' id='line_1_43' title="bbox 922 4002 2231 4083; baseline -0.001 -22"><span class='ocrx_word' id='word_1_235' title='bbox 922 4002 1022 4061; x_wconf 85' lang='lat' dir='ltr'><strong>illa</strong></span> <span class='ocrx_word' id='word_1_236' title='bbox 1069 4015 1202 4060; x_wconf 88' lang='lat' dir='ltr'><strong>erat</strong></span> <span class='ocrx_word' id='word_1_237' title='bbox 1247 4022 1428 4061; x_wconf 87' lang='lat' dir='ltr'><strong>causa</strong></span> <span class='ocrx_word' id='word_1_238' title='bbox 1475 4004 1839 4072; x_wconf 85' lang='lat' dir='ltr'><strong>iustissima,</strong></span> <span class='ocrx_word' id='word_1_239' title='bbox 1893 4004 2052 4083; x_wconf 89' lang='lat' dir='ltr'><strong>quod</strong></span> <span class='ocrx_word' id='word_1_240' title='bbox 2097 4023 2231 4061; x_wconf 78' lang='lat' dir='ltr'><strong>eum</strong></span> 
     </span>
     <span class='ocr_line' id='line_1_44' title="bbox 920 4076 2234 4155; baseline -0.002 -16"><span class='ocrx_word' id='word_1_241' title='bbox 920 4076 1291 4139; x_wconf 72' lang='lat' dir='ltr'><strong>sibiAchaei</strong></span> <span class='ocrx_word' id='word_1_242' title='bbox 1331 4092 1650 4155; x_wconf 83' lang='lat' dir='ltr'><strong>patronum</strong></span> <span class='ocrx_word' id='word_1_243' title='bbox 1683 4080 1797 4137; x_wconf 84' lang='lat' dir='ltr'><strong>ado</strong></span> <span class='ocrx_word' id='word_1_244' title='bbox 1843 4091 2065 4137; x_wconf 89' lang='lat' dir='ltr'><strong>tarant.</strong></span> <span class='ocrx_word' id='word_1_245' title='bbox 2122 4080 2234 4136; x_wconf 90' lang='lat' dir='ltr'><strong>Di-</strong></span> 
     </span>
     <span class='ocr_line' id='line_1_45' title="bbox 921 4153 2232 4229; baseline -0.002 -16"><span class='ocrx_word' id='word_1_246' title='bbox 921 4156 1112 4213; x_wconf 77' lang='lat' dir='ltr'><strong>vinat.</strong></span> <span class='ocrx_word' id='word_1_247' title='bbox 1159 4163 1261 4224; x_wconf 87' lang='grc'><strong>20,</strong></span> <span class='ocrx_word' id='word_1_248' title='bbox 1307 4160 1401 4215; x_wconf 64' lang='lat'><strong>6&#39;3.</strong></span> <span class='ocrx_word' id='word_1_249' title='bbox 1453 4155 1576 4229; x_wconf 78' lang='lat' dir='ltr'><strong>,Q.</strong></span> <span class='ocrx_word' id='word_1_250' title='bbox 1617 4155 1914 4215; x_wconf 91' lang='lat' dir='ltr'><strong>Caeciius</strong></span> <span class='ocrx_word' id='word_1_251' title='bbox 1953 4157 2066 4212; x_wconf 90' lang='lat' dir='ltr'><strong>etsi</strong></span> <span class='ocrx_word' id='word_1_252' title='bbox 2094 4153 2232 4211; x_wconf 76' lang='lat' dir='ltr'><strong>fieri</strong></span> 
     </span>
     <span class='ocr_line' id='line_1_46' title="bbox 918 4232 2226 4308; baseline -0.001 -20"><span class='ocrx_word' id='word_1_253' title='bbox 918 4240 1156 4307; x_wconf 87' lang='lat' dir='ltr'><strong>potest,</strong></span> <span class='ocrx_word' id='word_1_254' title='bbox 1202 4240 1267 4286; x_wconf 88' lang='lat' dir='ltr'><strong>ut</strong></span> <span class='ocrx_word' id='word_1_255' title='bbox 1300 4232 1351 4287; x_wconf 91' lang='lat' dir='ltr'><strong>is</strong></span> <span class='ocrx_word' id='word_1_256' title='bbox 1388 4233 1498 4300; x_wconf 89' lang='lat' dir='ltr'><strong>sit,</strong></span> <span class='ocrx_word' id='word_1_257' title='bbox 1544 4233 1646 4308; x_wconf 88' lang='lat' dir='ltr'><strong>qui</strong></span> <span class='ocrx_word' id='word_1_258' title='bbox 1677 4249 1805 4290; x_wconf 89' lang='lat' dir='ltr'><strong>cos.</strong></span> <span class='ocrx_word' id='word_1_259' title='bbox 1840 4232 1952 4288; x_wconf 82' lang='lat' dir='ltr'><strong>fuit</strong></span> <span class='ocrx_word' id='word_1_260' title='bbox 1984 4251 2039 4286; x_wconf 86' lang='lat' dir='ltr'><strong>a.</strong></span> <span class='ocrx_word' id='word_1_261' title='bbox 2077 4249 2135 4287; x_wconf 94' lang='grc' dir='ltr'><strong>ιι.</strong></span> <span class='ocrx_word' id='word_1_262' title='bbox 2169 4249 2226 4287; x_wconf 97' lang='lat' dir='ltr'><strong>c.</strong></span> 
     </span>
     <span class='ocr_line' id='line_1_47' title="bbox 918 4306 2230 4374; baseline -0.002 -8"><span class='ocrx_word' id='word_1_263' title='bbox 918 4310 1082 4374; x_wconf 77' lang='lat'><strong>685..</strong></span> <span class='ocrx_word' id='word_1_264' title='bbox 1123 4316 1324 4363; x_wconf 90' lang='lat' dir='ltr'><strong>tamen</strong></span> <span class='ocrx_word' id='word_1_265' title='bbox 1408 4306 1526 4363; x_wconf 91' lang='lat' dir='ltr'><strong>uod</strong></span> <span class='ocrx_word' id='word_1_266' title='bbox 1557 4310 1647 4364; x_wconf 89' lang='lat' dir='ltr'><strong>sic</strong></span> <span class='ocrx_word' id='word_1_267' title='bbox 1681 4308 1837 4364; x_wconf 90' lang='lat' dir='ltr'><strong>nude</strong></span> <span class='ocrx_word' id='word_1_268' title='bbox 1872 4309 2230 4364; x_wconf 83' lang='lat' dir='ltr'><strong>auctoritate</strong></span> 
     </span>
     <span class='ocr_line' id='line_1_48' title="bbox 919 4327 2229 4459; baseline 0.001 -21"><span class='ocrx_word' id='word_1_269' title='bbox 919 4393 982 4439; x_wconf 85' lang='lat' dir='ltr'><strong>et</strong></span> <span class='ocrx_word' id='word_1_270' title='bbox 1006 4382 1295 4459; x_wconf 79' lang='lat' dir='ltr'><strong>dignitate</strong></span> <span class='ocrx_word' id='word_1_271' title='bbox 1321 4327 1602 4439; x_wconf 41' lang='lat' dir='ltr'><strong>:Pisone</strong></span> <span class='ocrx_word' id='word_1_272' title='bbox 1640 4392 1958 4459; x_wconf 87' lang='lat' dir='ltr'><strong>superatus</strong></span> <span class='ocrx_word' id='word_1_273' title='bbox 1986 4382 2229 4449; x_wconf 87' lang='lat' dir='ltr'><strong>dicitur,</strong></span> 
     </span>
     <span class='ocr_line' id='line_1_49' title="bbox 917 4456 2230 4515; baseline 0.001 -1"><span class='ocrx_word' id='word_1_274' title='bbox 917 4474 1042 4514; x_wconf 81' lang='lat' dir='ltr'><strong>non</strong></span> <span class='ocrx_word' id='word_1_275' title='bbox 1080 4458 1317 4515; x_wconf 87' lang='lat' dir='ltr'><strong>videtur</strong></span> <span class='ocrx_word' id='word_1_276' title='bbox 1343 4475 1417 4515; x_wconf 86' lang='lat' dir='ltr'><strong>ex</strong></span> <span class='ocrx_word' id='word_1_277' title='bbox 1446 4456 1819 4515; x_wconf 86' lang='lat' dir='ltr'><strong>nobilissima</strong></span> <span class='ocrx_word' id='word_1_278' title='bbox 1848 4457 2230 4515; x_wconf 89' lang='lat' dir='ltr'><strong>Metellorum</strong></span> 
     </span>
     <span class='ocr_line' id='line_1_50' title="bbox 916 4533 1706 4613; baseline -0.001 -22"><span class='ocrx_word' id='word_1_279' title='bbox 916 4533 1136 4591; x_wconf 75' lang='lat' dir='ltr'><strong>familia</strong></span> <span class='ocrx_word' id='word_1_280' title='bbox 1176 4534 1413 4613; x_wconf 56' lang='lat' dir='ltr'><strong>{uissess&#39;</strong></span> <span class='ocrx_word' id='word_1_281' title='bbox 1469 4536 1706 4590; x_wconf 67' lang='lat' dir='ltr'><strong>Zoster.</strong></span> 
     </span>
    </p>
   </div>
   <div class='ocr_carea' id='block_1_14' title="bbox 902 4637 2230 5319">
    <p class='ocr_par' dir='ltr' id='par_1_15' title="bbox 902 4637 2230 5319">
     <span class='ocr_line' id='line_1_51' title="bbox 994 4637 2230 4715; baseline 0 -21"><span class='ocrx_word' id='word_1_282' title='bbox 994 4637 1071 4711; x_wconf 90' lang='lat' dir='ltr'><strong>Q.</strong></span> <span class='ocrx_word' id='word_1_283' title='bbox 1106 4638 1452 4705; x_wconf 59' lang='lat' dir='ltr'><strong>Caecinae,</strong></span> <span class='ocrx_word' id='word_1_284' title='bbox 1488 4656 1669 4715; x_wconf 86' lang='lat' dir='ltr'><strong>eques</strong></span> <span class='ocrx_word' id='word_1_285' title='bbox 1705 4638 2030 4708; x_wconf 82' lang='lat' dir='ltr'><strong>Romanus,</strong></span> <span class='ocrx_word' id='word_1_286' title='bbox 2062 4639 2230 4695; x_wconf 84' lang='lat' dir='ltr'><strong>fene-</strong></span> 
     </span>
     <span class='ocr_line' id='line_1_52' title="bbox 914 4714 2229 4790; baseline -0.001 -21"><span class='ocrx_word' id='word_1_287' title='bbox 914 4724 1117 4782; x_wconf 81' lang='lat' dir='ltr'><strong>rator,</strong></span> <span class='ocrx_word' id='word_1_288' title='bbox 1161 4714 1498 4771; x_wconf 87' lang='lat' dir='ltr'><strong>avunculus</strong></span> <span class='ocrx_word' id='word_1_289' title='bbox 1537 4714 1752 4781; x_wconf 88' lang='lat' dir='ltr'><strong>Attici,</strong></span> <span class='ocrx_word' id='word_1_290' title='bbox 1795 4733 2009 4789; x_wconf 86' lang='lat' dir='ltr'><strong>magua</strong></span> <span class='ocrx_word' id='word_1_291' title='bbox 2044 4732 2229 4790; x_wconf 90' lang='lat' dir='ltr'><strong>pecu-</strong></span> 
     </span>
     <span class='ocr_line' id='line_1_53' title="bbox 912 4788 2227 4864; baseline 0.002 -20"><span class='ocrx_word' id='word_1_292' title='bbox 912 4789 1015 4845; x_wconf 80' lang='lat' dir='ltr'><strong>nia</strong></span> <span class='ocrx_word' id='word_1_293' title='bbox 1055 4790 1364 4846; x_wconf 77' lang='lat' dir='ltr'><strong>fraudatus</strong></span> <span class='ocrx_word' id='word_1_294' title='bbox 1404 4808 1436 4845; x_wconf 90' lang='lat' dir='ltr'><strong>a</strong></span> <span class='ocrx_word' id='word_1_295' title='bbox 1465 4790 1535 4846; x_wconf 89' lang='lat' dir='ltr'><strong>P.</strong></span> <span class='ocrx_word' id='word_1_296' title='bbox 1566 4788 1753 4846; x_wconf 84' lang='lat' dir='ltr'><strong>Vario</strong></span> <span class='ocrx_word' id='word_1_297' title='bbox 1782 4792 1905 4864; x_wconf 76' lang='lat' dir='ltr'><strong>agit</strong></span> <span class='ocrx_word' id='word_1_298' title='bbox 1937 4809 2072 4847; x_wconf 89' lang='lat' dir='ltr'><strong>cum</strong></span> <span class='ocrx_word' id='word_1_299' title='bbox 2099 4791 2227 4846; x_wconf 87' lang='lat' dir='ltr'><strong>eius</strong></span> 
     </span>
     <span class='ocr_line' id='line_1_54' title="bbox 910 4860 2228 4951; baseline 0 -32"><span class='ocrx_word' id='word_1_300' title='bbox 910 4860 1100 4920; x_wconf 72' lang='lat' dir='ltr'><strong>fratre</strong></span> <span class='ocrx_word' id='word_1_301' title='bbox 1132 4864 1387 4922; x_wconf 87' lang='lat' dir='ltr'><strong>Caninio</strong></span> <span class='ocrx_word' id='word_1_302' title='bbox 1420 4864 1623 4922; x_wconf 88' lang='lat' dir='ltr'><strong>Satrio</strong></span> <span class='ocrx_word' id='word_1_303' title='bbox 1659 4884 1728 4921; x_wconf 92' lang='lat' dir='ltr'><strong>ro</strong></span> <span class='ocrx_word' id='word_1_304' title='bbox 1772 4875 1949 4951; x_wconf 68' lang='lat' dir='ltr'><strong>atque</strong></span> <span class='ocrx_word' id='word_1_305' title='bbox 1976 4864 2228 4921; x_wconf 89' lang='lat' dir='ltr'><strong>Cicero-</strong></span> 
     </span>
     <span class='ocr_line' id='line_1_55' title="bbox 908 4939 2225 5012; baseline 0.001 -17"><span class='ocrx_word' id='word_1_306' title='bbox 908 4955 1070 5006; x_wconf 80' lang='lat' dir='ltr'><strong>nem,</strong></span> <span class='ocrx_word' id='word_1_307' title='bbox 1101 4947 1167 4994; x_wconf 89' lang='lat' dir='ltr'><strong>ut</strong></span> <span class='ocrx_word' id='word_1_308' title='bbox 1191 4942 1246 4996; x_wconf 90' lang='lat' dir='ltr'><strong>ei</strong></span> <span class='ocrx_word' id='word_1_309' title='bbox 1274 4941 1429 4998; x_wconf 87' lang='lat' dir='ltr'><strong>adsit</strong></span> <span class='ocrx_word' id='word_1_310' title='bbox 1463 4951 1680 4999; x_wconf 86' lang='lat' dir='ltr'><strong>contra</strong></span> <span class='ocrx_word' id='word_1_311' title='bbox 1759 4953 1992 4998; x_wconf 76' lang='lat' dir='ltr'><strong>atrium.</strong></span> <span class='ocrx_word' id='word_1_312' title='bbox 2049 4939 2225 5012; x_wconf 90' lang='lat' dir='ltr'><strong>Quod</strong></span> 
     </span>
     <span class='ocr_line' id='line_1_56' title="bbox 908 5012 2225 5091; baseline 0.001 -22"><span class='ocrx_word' id='word_1_313' title='bbox 908 5030 1048 5070; x_wconf 86' lang='lat' dir='ltr'><strong>cum</strong></span> <span class='ocrx_word' id='word_1_314' title='bbox 1096 5015 1145 5069; x_wconf 86' lang='lat' dir='ltr'><strong>is</strong></span> <span class='ocrx_word' id='word_1_315' title='bbox 1192 5012 1373 5072; x_wconf 86' lang='lat' dir='ltr'><strong>officii</strong></span> <span class='ocrx_word' id='word_1_316' title='bbox 1422 5036 1493 5075; x_wconf 89' lang='lat' dir='ltr'><strong>ac</strong></span> <span class='ocrx_word' id='word_1_317' title='bbox 1540 5019 1829 5091; x_wconf 88' lang='lat' dir='ltr'><strong>temporis</strong></span> <span class='ocrx_word' id='word_1_318' title='bbox 1885 5033 2062 5073; x_wconf 86' lang='lat' dir='ltr'><strong>causa</strong></span> <span class='ocrx_word' id='word_1_319' title='bbox 2119 5014 2225 5071; x_wconf 91' lang='lat' dir='ltr'><strong>de-</strong></span> 
     </span>
     <span class='ocr_line' id='line_1_57' title="bbox 906 5090 2221 5167; baseline -0.002 -20"><span class='ocrx_word' id='word_1_320' title='bbox 906 5098 1233 5157; x_wconf 80' lang='lat' dir='ltr'><strong>trectaret,</strong></span> <span class='ocrx_word' id='word_1_321' title='bbox 1267 5090 1475 5148; x_wconf 90' lang='lat' dir='ltr'><strong>durius</strong></span> <span class='ocrx_word' id='word_1_322' title='bbox 1511 5094 1623 5150; x_wconf 87' lang='lat' dir='ltr'><strong>hoc</strong></span> <span class='ocrx_word' id='word_1_323' title='bbox 1662 5093 1915 5167; x_wconf 89' lang='lat' dir='ltr'><strong>accepit.</strong></span> <span class='ocrx_word' id='word_1_324' title='bbox 1975 5090 2046 5147; x_wconf 85' lang='lat' dir='ltr'><strong>ad</strong></span> <span class='ocrx_word' id='word_1_325' title='bbox 2091 5090 2221 5146; x_wconf 80' lang='lat' dir='ltr'><strong>Att.</strong></span> 
     </span>
     <span class='ocr_line' id='line_1_58' title="bbox 902 5164 2222 5250; baseline -0.002 -27"><span class='ocrx_word' id='word_1_326' title='bbox 902 5172 959 5232; x_wconf 87' lang='grc'><strong>1,</strong></span> <span class='ocrx_word' id='word_1_327' title='bbox 997 5176 1048 5229; x_wconf 82' lang='grc'><strong>1.</strong></span> <span class='ocrx_word' id='word_1_328' title='bbox 1085 5167 1139 5250; x_wconf 69' lang='lat'><strong>55</strong></span> <span class='ocrx_word' id='word_1_329' title='bbox 1174 5192 1234 5250; x_wconf 61' lang='lat' dir='ltr'><strong>-j</strong></span> <span class='ocrx_word' id='word_1_330' title='bbox 1268 5167 1322 5221; x_wconf 83' lang='lat' dir='ltr'>A</span> <span class='ocrx_word' id='word_1_331' title='bbox 1345 5164 1607 5224; x_wconf 90' lang='lat' dir='ltr'><strong>Caecilio</strong></span> <span class='ocrx_word' id='word_1_332' title='bbox 1636 5169 1962 5243; x_wconf 89' lang='lat' dir='ltr'><strong>propinqui</strong></span> <span class='ocrx_word' id='word_1_333' title='bbox 1988 5168 2222 5222; x_wconf 87' lang='lat' dir='ltr'><strong>minore</strong></span> 
     </span>
     <span class='ocr_line' id='line_1_59' title="bbox 903 5249 2224 5319; baseline 0 -20"><span class='ocrx_word' id='word_1_334' title='bbox 903 5249 1252 5299; x_wconf 76' lang='lat' dir='ltr'><strong>centesimis</strong></span> <span class='ocrx_word' id='word_1_335' title='bbox 1288 5258 1595 5300; x_wconf 88' lang='lat' dir='ltr'><strong>nummum</strong></span> <span class='ocrx_word' id='word_1_336' title='bbox 1630 5259 1873 5301; x_wconf 85' lang='lat' dir='ltr'><strong>movere</strong></span> <span class='ocrx_word' id='word_1_337' title='bbox 1913 5260 2040 5300; x_wconf 90' lang='lat' dir='ltr'><strong>non</strong></span> <span class='ocrx_word' id='word_1_338' title='bbox 2077 5259 2224 5319; x_wconf 86' lang='lat' dir='ltr'><strong>pos-</strong></span> 
     </span>
    </p>
   </div>
   <div class='ocr_carea' id='block_1_15' title="bbox 1230 632 3310 713">
    <p class='ocr_par' dir='ltr' id='par_1_16' title="bbox 1230 632 3310 713">
     <span class='ocr_line' id='line_1_60' title="bbox 1230 632 3310 713; baseline -0.002 0"><span class='ocrx_word' id='word_1_339' title='bbox 1230 638 1824 713; x_wconf 75' lang='lat' dir='ltr'><strong>CAECILIANA</strong></span> <span class='ocrx_word' id='word_1_340' title='bbox 1866 675 1950 689; x_wconf 93' lang='lat'><strong>—</strong></span> <span class='ocrx_word' id='word_1_341' title='bbox 1993 636 2082 704; x_wconf 77' lang='lat' dir='ltr'><strong>T.</strong></span> <span class='ocrx_word' id='word_1_342' title='bbox 2130 632 2637 705; x_wconf 81' lang='lat' dir='ltr'><strong>CAECILIUS</strong></span> <span class='ocrx_word' id='word_1_343' title='bbox 2682 633 3310 708; x_wconf 81' lang='lat' dir='ltr'><strong>EUTYCHIDES.</strong></span> 
     </span>
    </p>
   </div>
   <div class='ocr_carea' id='block_1_16' title="bbox 2288 778 3606 1079">
    <p class='ocr_par' dir='ltr' id='par_1_17' title="bbox 2288 778 3606 1079">
     <span class='ocr_line' id='line_1_61' title="bbox 2288 778 3601 851; baseline 0.003 -14"><span class='ocrx_word' id='word_1_344' title='bbox 2288 789 2445 837; x_wconf 87' lang='lat' dir='ltr'><strong>sunt.</strong></span> <span class='ocrx_word' id='word_1_345' title='bbox 2483 778 2636 839; x_wconf 86' lang='lat' dir='ltr'><strong>Ibid.</strong></span> <span class='ocrx_word' id='word_1_346' title='bbox 2668 785 2768 851; x_wconf 84' lang='grc'><strong>12,</strong></span> <span class='ocrx_word' id='word_1_347' title='bbox 2801 791 2854 841; x_wconf 89' lang='grc'><strong>1.</strong></span> <span class='ocrx_word' id='word_1_348' title='bbox 2894 811 2953 824; x_wconf 91' lang='lat'>-</span> <span class='ocrx_word' id='word_1_349' title='bbox 2986 780 3310 841; x_wconf 83' lang='lat' dir='ltr'><strong>Caecilium</strong></span> <span class='ocrx_word' id='word_1_350' title='bbox 3343 782 3601 841; x_wconf 89' lang='lat' dir='ltr'><strong>colimus</strong></span> 
     </span>
     <span class='ocr_line' id='line_1_62' title="bbox 2290 855 3606 932; baseline 0.001 -18"><span class='ocrx_word' id='word_1_351' title='bbox 2290 857 2623 932; x_wconf 80' lang='lat' dir='ltr'><strong>diligenter.</strong></span> <span class='ocrx_word' id='word_1_352' title='bbox 2657 855 2813 915; x_wconf 90' lang='lat' dir='ltr'><strong>Ibid.</strong></span> <span class='ocrx_word' id='word_1_353' title='bbox 2847 866 2903 927; x_wconf 88' lang='grc'><strong>2,</strong></span> <span class='ocrx_word' id='word_1_354' title='bbox 2933 863 3025 926; x_wconf 88' lang='grc'><strong>19,</strong></span> <span class='ocrx_word' id='word_1_355' title='bbox 3058 865 3113 920; x_wconf 88' lang='grc'><strong>5.</strong></span> <span class='ocrx_word' id='word_1_356' title='bbox 3158 858 3308 916; x_wconf 88' lang='lat' dir='ltr'><strong>Ibid.</strong></span> <span class='ocrx_word' id='word_1_357' title='bbox 3330 868 3428 930; x_wconf 88' lang='grc'><strong>20,</strong></span> <span class='ocrx_word' id='word_1_358' title='bbox 3456 869 3508 918; x_wconf 91' lang='grc'><strong>1.</strong></span> <span class='ocrx_word' id='word_1_359' title='bbox 3531 891 3606 907; x_wconf 83' lang='grc'><strong>-</strong></span> 
     </span>
     <span class='ocr_line' id='line_1_63' title="bbox 2290 932 3596 1079; baseline 0.004 -91"><span class='ocrx_word' id='word_1_360' title='bbox 2290 932 2680 1079; x_wconf 50' lang='grc' dir='ltr'><strong>’δίζεέἶιιιίιιῑο</strong></span> <span class='ocrx_word' id='word_1_361' title='bbox 2723 935 2992 992; x_wconf 84' lang='lat' dir='ltr'><strong>Atticum</strong></span> <span class='ocrx_word' id='word_1_362' title='bbox 3035 936 3362 1011; x_wconf 75' lang='lat' dir='ltr'><strong>adoptavit.</strong></span> <span class='ocrx_word' id='word_1_363' title='bbox 3440 934 3596 995; x_wconf 90' lang='lat' dir='ltr'><strong>Ibid.</strong></span> 
     </span>
    </p>
   </div>
   <div class='ocr_carea' id='block_1_17' title="bbox 2292 1112 3609 1420">
    <p class='ocr_par' dir='ltr' id='par_1_18' title="bbox 2292 1112 3609 1420">
     <span class='ocr_line' id='line_1_64' title="bbox 2367 1112 3606 1188; baseline 0.003 -20"><span class='ocrx_word' id='word_1_364' title='bbox 2367 1112 2441 1185; x_wconf 91' lang='lat' dir='ltr'><strong>Q.</strong></span> <span class='ocrx_word' id='word_1_365' title='bbox 2469 1112 2793 1171; x_wconf 69' lang='lat' dir='ltr'><strong>Carcinus</strong></span> <span class='ocrx_word' id='word_1_366' title='bbox 2826 1113 2899 1188; x_wconf 91' lang='lat' dir='ltr'><strong>Q.</strong></span> <span class='ocrx_word' id='word_1_367' title='bbox 2926 1115 2992 1171; x_wconf 89' lang='lat' dir='ltr'><strong>F.</strong></span> <span class='ocrx_word' id='word_1_368' title='bbox 3020 1116 3370 1173; x_wconf 68' lang='lat' dir='ltr'><strong>Postremus</strong></span> <span class='ocrx_word' id='word_1_369' title='bbox 3399 1116 3606 1173; x_wconf 61' lang='grc' dir='ltr'><strong>Αντι-</strong></span> 
     </span>
     <span class='ocr_line' id='line_1_65' title="bbox 2293 1188 3606 1267; baseline 0.001 -22"><span class='ocrx_word' id='word_1_370' title='bbox 2293 1207 2393 1245; x_wconf 81' lang='lat' dir='ltr'><strong>cus</strong></span> <span class='ocrx_word' id='word_1_371' title='bbox 2433 1190 2508 1246; x_wconf 90' lang='lat' dir='ltr'><strong>ad</strong></span> <span class='ocrx_word' id='word_1_372' title='bbox 2529 1188 2654 1245; x_wconf 68' lang='lat' dir='ltr'><strong>Ati.</strong></span> <span class='ocrx_word' id='word_1_373' title='bbox 2690 1195 2748 1258; x_wconf 85' lang='grc'><strong>5,</strong></span> <span class='ocrx_word' id='word_1_374' title='bbox 2785 1199 2881 1260; x_wconf 87' lang='grc'><strong>20,</strong></span> <span class='ocrx_word' id='word_1_375' title='bbox 2919 1205 2973 1251; x_wconf 88' lang='grc'><strong>1.</strong></span> <span class='ocrx_word' id='word_1_376' title='bbox 3010 1202 3104 1248; x_wconf 86' lang='lat' dir='ltr'><strong>est</strong></span> <span class='ocrx_word' id='word_1_377' title='bbox 3128 1192 3203 1248; x_wconf 87' lang='lat' dir='ltr'><strong>T.</strong></span> <span class='ocrx_word' id='word_1_378' title='bbox 3232 1191 3606 1267; x_wconf 87' lang='lat' dir='ltr'><strong>Pomponius</strong></span> 
     </span>
     <span class='ocr_line' id='line_1_66' title="bbox 2292 1263 3606 1342; baseline 0.003 -22"><span class='ocrx_word' id='word_1_379' title='bbox 2292 1264 2572 1332; x_wconf 83' lang='lat' dir='ltr'><strong>Atticus,</strong></span> <span class='ocrx_word' id='word_1_380' title='bbox 2626 1268 2728 1342; x_wconf 84' lang='lat' dir='ltr'><strong>qui</strong></span> <span class='ocrx_word' id='word_1_381' title='bbox 2772 1263 2848 1322; x_wconf 87' lang='lat' dir='ltr'><strong>ab</strong></span> <span class='ocrx_word' id='word_1_382' title='bbox 2887 1267 3185 1325; x_wconf 84' lang='lat' dir='ltr'><strong>avunculo</strong></span> <span class='ocrx_word' id='word_1_383' title='bbox 3227 1267 3300 1339; x_wconf 88' lang='lat' dir='ltr'><strong>Q.</strong></span> <span class='ocrx_word' id='word_1_384' title='bbox 3342 1267 3606 1325; x_wconf 90' lang='lat' dir='ltr'><strong>Caecilio</strong></span> 
     </span>
     <span class='ocr_line' id='line_1_67' title="bbox 2292 1341 3609 1420; baseline 0.002 -24"><span class='ocrx_word' id='word_1_385' title='bbox 2292 1350 2649 1398; x_wconf 86' lang='lat' dir='ltr'><strong>testamento</strong></span> <span class='ocrx_word' id='word_1_386' title='bbox 2688 1341 3004 1417; x_wconf 86' lang='lat' dir='ltr'><strong>adoptatus</strong></span> <span class='ocrx_word' id='word_1_387' title='bbox 3031 1355 3184 1413; x_wconf 86' lang='lat' dir='ltr'><strong>erat,</strong></span> <span class='ocrx_word' id='word_1_388' title='bbox 3220 1343 3378 1420; x_wconf 89' lang='lat' dir='ltr'><strong>quod</strong></span> <span class='ocrx_word' id='word_1_389' title='bbox 3415 1346 3471 1400; x_wconf 88' lang='lat' dir='ltr'><strong>ei</strong></span> <span class='ocrx_word' id='word_1_390' title='bbox 3506 1343 3609 1400; x_wconf 88' lang='lat' dir='ltr'><strong>Ci-</strong></span> 
     </span>
    </p>
   </div>
   <div class='ocr_carea' id='block_1_18' title="bbox 2298 1416 2840 1493">
    <p class='ocr_par' dir='ltr' id='par_1_19' title="bbox 2298 1416 2840 1493">
     <span class='ocr_line' id='line_1_68' title="bbox 2298 1416 2840 1493; baseline 0.004 -21"><span class='ocrx_word' id='word_1_391' title='bbox 2298 1435 2440 1473; x_wconf 90' lang='lat' dir='ltr'><strong>cero</strong></span> <span class='ocrx_word' id='word_1_392' title='bbox 2481 1416 2840 1493; x_wconf 81' lang='lat' dir='ltr'><strong>gratulatur.</strong></span> 
     </span>
    </p>
   </div>
   <div class='ocr_carea' id='block_1_19' title="bbox 2294 1519 3606 1816">
    <p class='ocr_par' dir='ltr' id='par_1_20' title="bbox 2294 1519 3606 1816">
     <span class='ocr_line' id='line_1_69' title="bbox 2368 1519 3605 1596; baseline 0 -20"><span class='ocrx_word' id='word_1_393' title='bbox 2368 1519 2440 1576; x_wconf 90' lang='lat' dir='ltr'><strong>T.</strong></span> <span class='ocrx_word' id='word_1_394' title='bbox 2463 1520 2810 1589; x_wconf 65' lang='lat' dir='ltr'><strong>Cascmms,</strong></span> <span class='ocrx_word' id='word_1_395' title='bbox 2835 1520 3260 1596; x_wconf 88' lang='lat' dir='ltr'><strong>Pompeianus,</strong></span> <span class='ocrx_word' id='word_1_396' title='bbox 3336 1523 3473 1579; x_wconf 89' lang='lat' dir='ltr'><strong>rimi</strong></span> <span class='ocrx_word' id='word_1_397' title='bbox 3500 1522 3605 1596; x_wconf 89' lang='lat' dir='ltr'><strong>pili</strong></span> 
     </span>
     <span class='ocr_line' id='line_1_70' title="bbox 2294 1597 3606 1673; baseline 0 -20"><span class='ocrx_word' id='word_1_398' title='bbox 2294 1597 2570 1653; x_wconf 91' lang='lat' dir='ltr'><strong>centurio</strong></span> <span class='ocrx_word' id='word_1_399' title='bbox 2609 1597 2828 1654; x_wconf 89' lang='lat' dir='ltr'><strong>cecidit</strong></span> <span class='ocrx_word' id='word_1_400' title='bbox 2866 1599 2929 1654; x_wconf 91' lang='lat' dir='ltr'><strong>in</strong></span> <span class='ocrx_word' id='word_1_401' title='bbox 2968 1597 3202 1673; x_wconf 88' lang='lat' dir='ltr'><strong>proelio</strong></span> <span class='ocrx_word' id='word_1_402' title='bbox 3241 1616 3272 1654; x_wconf 89' lang='lat' dir='ltr'><strong>a</strong></span> <span class='ocrx_word' id='word_1_403' title='bbox 3347 1597 3606 1654; x_wconf 82' lang='lat' dir='ltr'><strong>Ilerdam</strong></span> 
     </span>
     <span class='ocr_line' id='line_1_71' title="bbox 2294 1672 3605 1816; baseline 0 -88"><span class='ocrx_word' id='word_1_404' title='bbox 2294 1673 2616 1816; x_wconf 52' lang='lat' dir='ltr'><strong>iomegisso</strong></span> <span class='ocrx_word' id='word_1_405' title='bbox 2677 1691 2731 1728; x_wconf 87' lang='lat' dir='ltr'><strong>a.</strong></span> <span class='ocrx_word' id='word_1_406' title='bbox 2773 1691 2831 1729; x_wconf 91' lang='lat' dir='ltr'><strong>u.</strong></span> <span class='ocrx_word' id='word_1_407' title='bbox 2869 1691 2924 1729; x_wconf 94' lang='lat' dir='ltr'><strong>c.</strong></span> <span class='ocrx_word' id='word_1_408' title='bbox 2982 1677 3114 1732; x_wconf 88' lang='grc'><strong>705.</strong></span> <span class='ocrx_word' id='word_1_409' title='bbox 3196 1672 3422 1731; x_wconf 84' lang='lat' dir='ltr'><strong>Caesar</strong></span> <span class='ocrx_word' id='word_1_410' title='bbox 3476 1672 3605 1730; x_wconf 85' lang='lat' dir='ltr'><strong>Civ.</strong></span> 
     </span>
    </p>
   </div>
   <div class='ocr_carea' id='block_1_20' title="bbox 2292 1849 3607 3282">
    <p class='ocr_par' dir='ltr' id='par_1_21' title="bbox 2292 1849 3607 3282">
     <span class='ocr_line' id='line_1_72' title="bbox 2369 1849 3598 1931; baseline 0.005 -25"><span class='ocrx_word' id='word_1_411' title='bbox 2369 1849 2445 1923; x_wconf 90' lang='lat' dir='ltr'><strong>Q.</strong></span> <span class='ocrx_word' id='word_1_412' title='bbox 2495 1850 2817 1910; x_wconf 65' lang='lat' dir='ltr'><strong>Caecxmus</strong></span> <span class='ocrx_word' id='word_1_413' title='bbox 2870 1850 3135 1920; x_wconf 63' lang='lat' dir='ltr'><strong>Bassus,</strong></span> <span class='ocrx_word' id='word_1_414' title='bbox 3193 1865 3477 1931; x_wconf 81' lang='lat' dir='ltr'><strong>quaestor</strong></span> <span class='ocrx_word' id='word_1_415' title='bbox 3528 1853 3598 1911; x_wconf 94' lang='lat' dir='ltr'><strong>C.</strong></span> 
     </span>
     <span class='ocr_line' id='line_1_73' title="bbox 2293 1925 3603 1988; baseline 0.003 -4"><span class='ocrx_word' id='word_1_416' title='bbox 2293 1927 2443 1984; x_wconf 90' lang='lat' dir='ltr'><strong>Iulio</strong></span> <span class='ocrx_word' id='word_1_417' title='bbox 2477 1925 2736 1985; x_wconf 83' lang='lat' dir='ltr'><strong>Caesare</strong></span> <span class='ocrx_word' id='word_1_418' title='bbox 2765 1938 2826 1984; x_wconf 88' lang='lat' dir='ltr'><strong>et</strong></span> <span class='ocrx_word' id='word_1_419' title='bbox 2854 1926 2937 1985; x_wconf 87' lang='lat' dir='ltr'><strong>M.</strong></span> <span class='ocrx_word' id='word_1_420' title='bbox 2964 1927 3180 1985; x_wconf 84' lang='lat' dir='ltr'><strong>Bibulo</strong></span> <span class='ocrx_word' id='word_1_421' title='bbox 3212 1948 3372 1986; x_wconf 89' lang='lat' dir='ltr'><strong>coss.</strong></span> <span class='ocrx_word' id='word_1_422' title='bbox 3393 1949 3447 1985; x_wconf 90' lang='lat' dir='ltr'><strong>a.</strong></span> <span class='ocrx_word' id='word_1_423' title='bbox 3468 1949 3524 1987; x_wconf 94' lang='grc' dir='ltr'><strong>ιι.</strong></span> <span class='ocrx_word' id='word_1_424' title='bbox 3549 1949 3603 1988; x_wconf 92' lang='lat' dir='ltr'><strong>c.</strong></span> 
     </span>
     <span class='ocr_line' id='line_1_74' title="bbox 2292 2003 3601 2071; baseline 0 -9"><span class='ocrx_word' id='word_1_425' title='bbox 2292 2008 2424 2063; x_wconf 90' lang='grc'><strong>695.</strong></span> <span class='ocrx_word' id='word_1_426' title='bbox 2502 2003 2576 2060; x_wconf 91' lang='lat' dir='ltr'><strong>ad</strong></span> <span class='ocrx_word' id='word_1_427' title='bbox 2615 2005 2745 2060; x_wconf 84' lang='lat' dir='ltr'><strong>Att.</strong></span> <span class='ocrx_word' id='word_1_428' title='bbox 2792 2011 2849 2070; x_wconf 85' lang='lat'><strong>2,</strong></span> <span class='ocrx_word' id='word_1_429' title='bbox 2895 2010 2968 2071; x_wconf 85' lang='lat'><strong>9,</strong></span> <span class='ocrx_word' id='word_1_430' title='bbox 3017 2016 3073 2065; x_wconf 87' lang='lat'><strong>1.</strong></span> <span class='ocrx_word' id='word_1_431' title='bbox 3138 2034 3199 2045; x_wconf 92' lang='lat'>-</span> <span class='ocrx_word' id='word_1_432' title='bbox 3259 2005 3333 2063; x_wconf 88' lang='lat' dir='ltr'><strong>Ei</strong></span> <span class='ocrx_word' id='word_1_433' title='bbox 3379 2005 3601 2063; x_wconf 83' lang='lat' dir='ltr'><strong>auxilia</strong></span> 
     </span>
     <span class='ocr_line' id='line_1_75' title="bbox 2295 2076 3603 2153; baseline 0.002 -18"><span class='ocrx_word' id='word_1_434' title='bbox 2295 2079 2530 2136; x_wconf 84' lang='lat' dir='ltr'><strong>misisse</strong></span> <span class='ocrx_word' id='word_1_435' title='bbox 2564 2076 3022 2136; x_wconf 85' lang='lat' dir='ltr'><strong>insimulabatur</strong></span> <span class='ocrx_word' id='word_1_436' title='bbox 3046 2080 3369 2139; x_wconf 80' lang='lat' dir='ltr'><strong>Deiotarus</strong></span> <span class='ocrx_word' id='word_1_437' title='bbox 3391 2102 3407 2135; x_wconf 73' lang='grc' dir='ltr'><strong>ε</strong></span> <span class='ocrx_word' id='word_1_438' title='bbox 3449 2081 3603 2153; x_wconf 78' lang='lat' dir='ltr'><strong>,sed</strong></span> 
     </span>
     <span class='ocr_line' id='line_1_76' title="bbox 2295 2154 3603 2232; baseline 0.002 -22"><span class='ocrx_word' id='word_1_439' title='bbox 2295 2173 2429 2211; x_wconf 90' lang='lat' dir='ltr'><strong>eum</strong></span> <span class='ocrx_word' id='word_1_440' title='bbox 2476 2154 2751 2231; x_wconf 78' lang='lat' dir='ltr'><strong>profecto</strong></span> <span class='ocrx_word' id='word_1_441' title='bbox 2797 2155 2881 2222; x_wconf 88' lang='lat' dir='ltr'><strong>is,</strong></span> <span class='ocrx_word' id='word_1_442' title='bbox 2938 2156 3038 2230; x_wconf 89' lang='lat' dir='ltr'><strong>qui</strong></span> <span class='ocrx_word' id='word_1_443' title='bbox 3073 2158 3313 2232; x_wconf 89' lang='lat' dir='ltr'><strong>&#39;optime</strong></span> <span class='ocrx_word' id='word_1_444' title='bbox 3359 2168 3603 2213; x_wconf 86' lang='lat' dir='ltr'><strong>nostros</strong></span> 
     </span>
     <span class='ocr_line' id='line_1_77' title="bbox 2294 2229 3600 2309; baseline 0.002 -22"><span class='ocrx_word' id='word_1_445' title='bbox 2294 2232 2563 2288; x_wconf 89' lang='lat' dir='ltr'><strong>homines</strong></span> <span class='ocrx_word' id='word_1_446' title='bbox 2594 2232 2784 2297; x_wconf 87' lang='lat' dir='ltr'><strong>novit,</strong></span> <span class='ocrx_word' id='word_1_447' title='bbox 2824 2229 2921 2286; x_wconf 85' lang='lat' dir='ltr'><strong>vel</strong></span> <span class='ocrx_word' id='word_1_448' title='bbox 2945 2230 3081 2308; x_wconf 87' lang='lat' dir='ltr'><strong>quia</strong></span> <span class='ocrx_word' id='word_1_449' title='bbox 3107 2243 3312 2289; x_wconf 83' lang='lat' dir='ltr'><strong>nosset</strong></span> <span class='ocrx_word' id='word_1_450' title='bbox 3344 2233 3433 2288; x_wconf 83' lang='lat' dir='ltr'><strong>vel</strong></span> <span class='ocrx_word' id='word_1_451' title='bbox 3463 2235 3600 2309; x_wconf 86' lang='lat' dir='ltr'><strong>quia</strong></span> 
     </span>
     <span class='ocr_line' id='line_1_78' title="bbox 2294 2307 3603 2384; baseline 0.002 -23"><span class='ocrx_word' id='word_1_452' title='bbox 2294 2324 2415 2362; x_wconf 89' lang='lat' dir='ltr'><strong>non</strong></span> <span class='ocrx_word' id='word_1_453' title='bbox 2439 2316 2644 2362; x_wconf 90' lang='lat' dir='ltr'><strong>nosset</strong></span> <span class='ocrx_word' id='word_1_454' title='bbox 2664 2307 3133 2363; x_wconf 75' lang='lat' dir='ltr'><strong>contemneret-’⁹</strong></span> <span class='ocrx_word' id='word_1_455' title='bbox 3175 2326 3287 2384; x_wconf 84' lang='lat' dir='ltr'><strong>pro</strong></span> <span class='ocrx_word' id='word_1_456' title='bbox 3315 2307 3603 2365; x_wconf 89' lang='lat' dir='ltr'><strong>Deiotaro</strong></span> 
     </span>
     <span class='ocr_line' id='line_1_79' title="bbox 2295 2380 3603 2460; baseline -0.002 -19"><span class='ocrx_word' id='word_1_457' title='bbox 2295 2389 2364 2448; x_wconf 90' lang='grc'><strong>8,</strong></span> <span class='ocrx_word' id='word_1_458' title='bbox 2406 2385 2500 2441; x_wconf 89' lang='grc'><strong>25.</strong></span> <span class='ocrx_word' id='word_1_459' title='bbox 2560 2411 2619 2421; x_wconf 95' lang='grc'>-</span> <span class='ocrx_word' id='word_1_460' title='bbox 2679 2380 2849 2438; x_wconf 90' lang='lat' dir='ltr'><strong>Bello</strong></span> <span class='ocrx_word' id='word_1_461' title='bbox 2903 2382 3197 2440; x_wconf 83' lang='lat' dir='ltr'><strong>Africano</strong></span> <span class='ocrx_word' id='word_1_462' title='bbox 3252 2402 3471 2460; x_wconf 74' lang='lat' dir='ltr'><strong>graves</strong></span> <span class='ocrx_word' id='word_1_463' title='bbox 3530 2384 3603 2440; x_wconf 85' lang='lat' dir='ltr'><strong>de</strong></span> 
     </span>
     <span class='ocr_line' id='line_1_80' title="bbox 2297 2457 3604 2537; baseline 0.001 -22"><span class='ocrx_word' id='word_1_464' title='bbox 2297 2457 2553 2515; x_wconf 89' lang='lat' dir='ltr'><strong>Caesare</strong></span> <span class='ocrx_word' id='word_1_465' title='bbox 2595 2474 2865 2514; x_wconf 86' lang='lat' dir='ltr'><strong>rumores</strong></span> <span class='ocrx_word' id='word_1_466' title='bbox 2899 2460 3120 2531; x_wconf 87' lang='lat' dir='ltr'><strong>sparsi,</strong></span> <span class='ocrx_word' id='word_1_467' title='bbox 3163 2461 3266 2537; x_wconf 88' lang='lat' dir='ltr'><strong>qui</strong></span> <span class='ocrx_word' id='word_1_468' title='bbox 3299 2461 3475 2516; x_wconf 87' lang='lat' dir='ltr'><strong>etiam</strong></span> <span class='ocrx_word' id='word_1_469' title='bbox 3510 2459 3604 2515; x_wconf 84' lang='lat' dir='ltr'><strong>fu-</strong></span> 
     </span>
     <span class='ocr_line' id='line_1_81' title="bbox 2297 2531 3605 2593; baseline 0.002 -5"><span class='ocrx_word' id='word_1_470' title='bbox 2297 2535 2524 2590; x_wconf 87' lang='lat' dir='ltr'><strong>riosum</strong></span> <span class='ocrx_word' id='word_1_471' title='bbox 2577 2531 2739 2589; x_wconf 88' lang='lat' dir='ltr'><strong>illum</strong></span> <span class='ocrx_word' id='word_1_472' title='bbox 2791 2532 3117 2591; x_wconf 85' lang='lat' dir='ltr'><strong>Caecilium</strong></span> <span class='ocrx_word' id='word_1_473' title='bbox 3168 2536 3605 2593; x_wconf 83' lang='lat' dir='ltr'><strong>excitaverunt.</strong></span> 
     </span>
     <span class='ocr_line' id='line_1_82' title="bbox 2294 2606 3607 2676; baseline -0.001 -10"><span class='ocrx_word' id='word_1_474' title='bbox 2294 2606 2450 2666; x_wconf 87' lang='lat' dir='ltr'><strong>Ibid.</strong></span> <span class='ocrx_word' id='word_1_475' title='bbox 2499 2612 2571 2676; x_wconf 88' lang='lat'><strong>9,</strong></span> <span class='ocrx_word' id='word_1_476' title='bbox 2617 2613 2712 2667; x_wconf 83' lang='lat'><strong>2⁵.</strong></span> <span class='ocrx_word' id='word_1_477' title='bbox 2775 2638 2835 2649; x_wconf 91' lang='lat'>-</span> <span class='ocrx_word' id='word_1_478' title='bbox 2893 2608 2988 2665; x_wconf 83' lang='lat' dir='ltr'><strong>Ad</strong></span> <span class='ocrx_word' id='word_1_479' title='bbox 3025 2607 3281 2666; x_wconf 89' lang='lat' dir='ltr'><strong>Balbum</strong></span> <span class='ocrx_word' id='word_1_480' title='bbox 3317 2629 3349 2665; x_wconf 98' lang='lat' dir='ltr'><strong>a</strong></span> <span class='ocrx_word' id='word_1_481' title='bbox 3392 2610 3607 2666; x_wconf 88' lang='lat' dir='ltr'><strong>Vetere</strong></span> 
     </span>
     <span class='ocr_line' id='line_1_83' title="bbox 2295 2682 3605 2761; baseline 0 -21"><span class='ocrx_word' id='word_1_482' title='bbox 2295 2684 2561 2741; x_wconf 84' lang='lat' dir='ltr'><strong>Antistio</strong></span> <span class='ocrx_word' id='word_1_483' title='bbox 2604 2682 2840 2741; x_wconf 84' lang='lat' dir='ltr'><strong>litterae</strong></span> <span class='ocrx_word' id='word_1_484' title='bbox 2888 2683 3061 2741; x_wconf 86' lang='lat' dir='ltr'><strong>datae</strong></span> <span class='ocrx_word' id='word_1_485' title='bbox 3103 2686 3294 2761; x_wconf 88' lang='lat' dir='ltr'><strong>pridie</strong></span> <span class='ocrx_word' id='word_1_486' title='bbox 3335 2686 3466 2742; x_wconf 88' lang='lat' dir='ltr'><strong>Kal.</strong></span> <span class='ocrx_word' id='word_1_487' title='bbox 3507 2687 3605 2742; x_wconf 84' lang='lat' dir='ltr'><strong>Ia-</strong></span> 
     </span>
     <span class='ocr_line' id='line_1_84' title="bbox 2296 2758 3606 2833; baseline 0 -17"><span class='ocrx_word' id='word_1_488' title='bbox 2296 2779 2469 2816; x_wconf 88' lang='lat' dir='ltr'><strong>nuar.</strong></span> <span class='ocrx_word' id='word_1_489' title='bbox 2508 2758 2731 2833; x_wconf 87' lang='lat'><strong>(710.),</strong></span> <span class='ocrx_word' id='word_1_490' title='bbox 2788 2778 2924 2816; x_wconf 91' lang='lat' dir='ltr'><strong>cum</strong></span> <span class='ocrx_word' id='word_1_491' title='bbox 2965 2779 2997 2817; x_wconf 80' lang='lat' dir='ltr'><strong>a</strong></span> <span class='ocrx_word' id='word_1_492' title='bbox 3037 2778 3101 2816; x_wconf 90' lang='lat' dir='ltr'><strong>se</strong></span> <span class='ocrx_word' id='word_1_493' title='bbox 3142 2760 3439 2819; x_wconf 89' lang='lat' dir='ltr'><strong>Caecilius</strong></span> <span class='ocrx_word' id='word_1_494' title='bbox 3477 2764 3606 2817; x_wconf 85' lang='lat' dir='ltr'><strong>cir-</strong></span> 
     </span>
     <span class='ocr_line' id='line_1_85' title="bbox 2296 2835 3607 2922; baseline -0.001 -30"><span class='ocrx_word' id='word_1_495' title='bbox 2296 2835 2746 2922; x_wconf 73' lang='lat' dir='ltr'><strong>cumsederetur</strong></span> <span class='ocrx_word' id='word_1_496' title='bbox 2772 2846 2831 2892; x_wconf 91' lang='lat' dir='ltr'><strong>et</strong></span> <span class='ocrx_word' id='word_1_497' title='bbox 2858 2838 2975 2892; x_wconf 88' lang='lat' dir='ltr'><strong>iam</strong></span> <span class='ocrx_word' id='word_1_498' title='bbox 2998 2847 3327 2901; x_wconf 84' lang='lat' dir='ltr'><strong>teneretur,</strong></span> <span class='ocrx_word' id='word_1_499' title='bbox 3366 2839 3607 2894; x_wconf 86' lang='lat' dir='ltr'><strong>venisse</strong></span> 
     </span>
     <span class='ocr_line' id='line_1_86' title="bbox 2295 2911 3599 3062; baseline 0 -19"><span class='ocrx_word' id='word_1_500' title='bbox 2295 2930 2547 3044; x_wconf 56' lang='lat' dir='ltr'><strong>itssmsissi</strong></span> <span class='ocrx_word' id='word_1_501' title='bbox 2551 2911 3462 3062; x_wconf 61' lang='lat' dir='ltr'><strong>&#39;25:2⁸5sss¹¹3.2‘3535.¹t¹¹1.313{32¹</strong></span> <span class='ocrx_word' id='word_1_502' title='bbox 3469 2931 3599 3044; x_wconf 63' lang='lat'><strong>¹3:1¹..</strong></span> 
     </span>
     <span class='ocr_line' id='line_1_87' title="bbox 2294 3062 3595 3199; baseline 0.002 -82"><span class='ocrx_word' id='word_1_503' title='bbox 2294 3064 2527 3194; x_wconf 46' lang='lat' dir='ltr'><strong>:nauigia</strong></span> <span class='ocrx_word' id='word_1_504' title='bbox 2546 3063 2668 3195; x_wconf 49' lang='lat'><strong>:12¹1</strong></span> <span class='ocrx_word' id='word_1_505' title='bbox 2704 3075 3214 3198; x_wconf 42' lang='lat' dir='ltr'><strong>{nasac-{fuat</strong></span> <span class='ocrx_word' id='word_1_506' title='bbox 3237 3062 3595 3199; x_wconf 52' lang='grc' dir='ltr'><strong>νίοόἰοιιὲίιιιιι.</strong></span> 
     </span>
     <span class='ocr_line' id='line_1_88' title="bbox 2292 3156 3602 3207; baseline 0.002 -14"><span class='ocrx_word' id='word_1_507' title='bbox 2292 3156 2325 3193; x_wconf 88' lang='lat' dir='ltr'><strong>a</strong></span> <span class='ocrx_word' id='word_1_508' title='bbox 2503 3177 2519 3193; x_wconf 97' lang='lat'><strong>.</strong></span> <span class='ocrx_word' id='word_1_509' title='bbox 2654 3179 2669 3204; x_wconf 95' lang='lat'><strong>,</strong></span> <span class='ocrx_word' id='word_1_510' title='bbox 2764 3180 2779 3205; x_wconf 95' lang='lat'><strong>,</strong></span> <span class='ocrx_word' id='word_1_511' title='bbox 2865 3179 2879 3194; x_wconf 95' lang='lat'><strong>.</strong></span> <span class='ocrx_word' id='word_1_512' title='bbox 2993 3158 3011 3195; x_wconf 89' lang='grc' dir='ltr'><strong>ι</strong></span> <span class='ocrx_word' id='word_1_513' title='bbox 3060 3180 3075 3194; x_wconf 92' lang='grc'><strong>.</strong></span> <span class='ocrx_word' id='word_1_514' title='bbox 3215 3180 3229 3207; x_wconf 90' lang='grc'><strong>,</strong></span> <span class='ocrx_word' id='word_1_515' title='bbox 3363 3181 3379 3207; x_wconf 91' lang='grc'><strong>,</strong></span> <span class='ocrx_word' id='word_1_516' title='bbox 3465 3180 3480 3196; x_wconf 94' lang='grc'><strong>.</strong></span> <span class='ocrx_word' id='word_1_517' title='bbox 3524 3169 3602 3185; x_wconf 91' lang='lat'><em>-</em></span> 
     </span>
     <span class='ocr_line' id='line_1_89' title="bbox 2292 3211 3600 3282; baseline -0.001 -12"><span class='ocrx_word' id='word_1_518' title='bbox 2292 3213 2516 3270; x_wconf 86' lang='lat' dir='ltr'><strong>Bassus</strong></span> <span class='ocrx_word' id='word_1_519' title='bbox 2566 3211 2864 3271; x_wconf 83' lang='lat' dir='ltr'><strong>Caecilius</strong></span> <span class='ocrx_word' id='word_1_520' title='bbox 2921 3214 3191 3282; x_wconf 83' lang='lat' dir='ltr'><strong>videtur,</strong></span> <span class='ocrx_word' id='word_1_521' title='bbox 3253 3216 3465 3271; x_wconf 83' lang='lat' dir='ltr'><strong>nuntio</strong></span> <span class='ocrx_word' id='word_1_522' title='bbox 3526 3213 3600 3270; x_wconf 90' lang='lat' dir='ltr'><strong>de</strong></span> 
     </span>
    </p>
   </div>
   <div class='ocr_carea' id='block_1_21' title="bbox 2287 3363 3632 4122">
    <p class='ocr_par' dir='ltr' id='par_1_22' title="bbox 2287 3363 3632 4122">
     <span class='ocr_line' id='line_1_90' title="bbox 2290 3363 3605 3434; baseline 0.001 -14"><span class='ocrx_word' id='word_1_523' title='bbox 2290 3375 2486 3422; x_wconf 89' lang='lat' dir='ltr'><strong>turus.</strong></span> <span class='ocrx_word' id='word_1_524' title='bbox 2545 3363 2618 3420; x_wconf 89' lang='lat' dir='ltr'><strong>D.</strong></span> <span class='ocrx_word' id='word_1_525' title='bbox 2645 3363 2867 3422; x_wconf 85' lang='lat' dir='ltr'><strong>Brutus</strong></span> <span class='ocrx_word' id='word_1_526' title='bbox 2902 3364 2978 3421; x_wconf 85' lang='lat' dir='ltr'><strong>ad</strong></span> <span class='ocrx_word' id='word_1_527' title='bbox 3010 3364 3173 3422; x_wconf 86' lang='lat' dir='ltr'><strong>Fam.</strong></span> <span class='ocrx_word' id='word_1_528' title='bbox 3212 3373 3304 3434; x_wconf 88' lang='grc'><strong>11,</strong></span> <span class='ocrx_word' id='word_1_529' title='bbox 3342 3376 3394 3432; x_wconf 86' lang='grc'><strong>1,</strong></span> <span class='ocrx_word' id='word_1_530' title='bbox 3430 3367 3487 3424; x_wconf 68' lang='lat' dir='ltr'><strong>lt.</strong></span> <span class='ocrx_word' id='word_1_531' title='bbox 3527 3395 3605 3411; x_wconf 91' lang='lat'><em>-</em></span> 
     </span>
     <span class='ocr_line' id='line_1_91' title="bbox 2293 3439 3632 3516; baseline 0.001 -19"><span class='ocrx_word' id='word_1_532' title='bbox 2293 3440 2369 3513; x_wconf 90' lang='lat' dir='ltr'><strong>Q.</strong></span> <span class='ocrx_word' id='word_1_533' title='bbox 2402 3439 2697 3499; x_wconf 83' lang='lat' dir='ltr'><strong>Caecilius</strong></span> <span class='ocrx_word' id='word_1_534' title='bbox 2733 3439 2982 3509; x_wconf 84' lang='lat' dir='ltr'><strong>Bassus,</strong></span> <span class='ocrx_word' id='word_1_535' title='bbox 3021 3443 3295 3516; x_wconf 84' lang='lat' dir='ltr'><strong>privatus</strong></span> <span class='ocrx_word' id='word_1_536' title='bbox 3337 3442 3432 3499; x_wconf 90' lang='lat' dir='ltr'><strong>ille</strong></span> <span class='ocrx_word' id='word_1_537' title='bbox 3510 3442 3632 3499; x_wconf 84' lang='lat' dir='ltr'><strong>ui-·</strong></span> 
     </span>
     <span class='ocr_line' id='line_1_92' title="bbox 2292 3514 3610 3590; baseline -0.002 -16"><span class='ocrx_word' id='word_1_538' title='bbox 2292 3517 2447 3582; x_wconf 82' lang='lat' dir='ltr'><strong>dem.</strong></span> <span class='ocrx_word' id='word_1_539' title='bbox 2488 3514 2594 3572; x_wconf 89' lang='lat' dir='ltr'><strong>sed</strong></span> <span class='ocrx_word' id='word_1_540' title='bbox 2625 3516 2801 3573; x_wconf 76' lang='lat' dir='ltr'><strong>fortis</strong></span> <span class='ocrx_word' id='word_1_541' title='bbox 2843 3526 2903 3573; x_wconf 91' lang='lat' dir='ltr'><strong>et</strong></span> <span class='ocrx_word' id='word_1_542' title='bbox 2933 3516 3283 3590; x_wconf 87' lang='lat' dir='ltr'><strong>praeclarus</strong></span> <span class='ocrx_word' id='word_1_543' title='bbox 3324 3519 3453 3586; x_wconf 81' lang='lat' dir='ltr'><strong>vir,</strong></span> <span class='ocrx_word' id='word_1_544' title='bbox 3575 3546 3610 3563; x_wconf 89' lang='lat'>-</span> 
     </span>
     <span class='ocr_line' id='line_1_93' title="bbox 2290 3582 3609 3651; baseline 0.002 -2"><span class='ocrx_word' id='word_1_545' title='bbox 2290 3590 2393 3650; x_wconf 92' lang='lat' dir='ltr'><strong>bet</strong></span> <span class='ocrx_word' id='word_1_546' title='bbox 2441 3589 2753 3648; x_wconf 86' lang='lat' dir='ltr'><strong>robustum</strong></span> <span class='ocrx_word' id='word_1_547' title='bbox 2817 3602 2877 3648; x_wconf 92' lang='lat' dir='ltr'><strong>et</strong></span> <span class='ocrx_word' id='word_1_548' title='bbox 2927 3595 3218 3649; x_wconf 88' lang='lat' dir='ltr'><strong>victorem</strong></span> <span class='ocrx_word' id='word_1_549' title='bbox 3269 3582 3609 3651; x_wconf 73' lang='lat' dir='ltr'><strong>exercitum</strong></span> 
     </span>
     <span class='ocr_line' id='line_1_94' title="bbox 2292 3667 3609 3743; baseline 0 -20"><span class='ocrx_word' id='word_1_550' title='bbox 2292 3669 2370 3741; x_wconf 85' lang='lat' dir='ltr'><strong>(a.</strong></span> <span class='ocrx_word' id='word_1_551' title='bbox 2415 3685 2472 3722; x_wconf 90' lang='grc' dir='ltr'><strong>ιι.</strong></span> <span class='ocrx_word' id='word_1_552' title='bbox 2507 3686 2559 3724; x_wconf 93' lang='lat' dir='ltr'><strong>c.</strong></span> <span class='ocrx_word' id='word_1_553' title='bbox 2600 3673 2752 3735; x_wconf 82' lang='lat'><strong>711.)</strong></span> <span class='ocrx_word' id='word_1_554' title='bbox 2805 3667 3064 3743; x_wconf 86' lang='lat' dir='ltr'><strong>Philipp.</strong></span> <span class='ocrx_word' id='word_1_555' title='bbox 3104 3675 3208 3736; x_wconf 88' lang='grc'><strong>11,</strong></span> <span class='ocrx_word' id='word_1_556' title='bbox 3249 3674 3354 3732; x_wconf 84' lang='grc'><strong>15.</strong></span> <span class='ocrx_word' id='word_1_557' title='bbox 3395 3670 3493 3729; x_wconf 76' lang='lat'><strong>52.</strong></span> <span class='ocrx_word' id='word_1_558' title='bbox 3527 3696 3609 3711; x_wconf 76' lang='grc'><strong>«-</strong></span> 
     </span>
     <span class='ocr_line' id='line_1_95' title="bbox 2292 3739 3606 3819; baseline -0.001 -19"><span class='ocrx_word' id='word_1_559' title='bbox 2292 3743 2501 3818; x_wconf 81' lang='lat' dir='ltr'><strong>Legio,</strong></span> <span class='ocrx_word' id='word_1_560' title='bbox 2542 3761 2719 3819; x_wconf 86' lang='lat' dir='ltr'><strong>quam</strong></span> <span class='ocrx_word' id='word_1_561' title='bbox 2756 3745 2806 3800; x_wconf 90' lang='lat' dir='ltr'><strong>is</strong></span> <span class='ocrx_word' id='word_1_562' title='bbox 2841 3739 3068 3808; x_wconf 85' lang='lat' dir='ltr'><strong>habuit,</strong></span> <span class='ocrx_word' id='word_1_563' title='bbox 3107 3743 3183 3801; x_wconf 85' lang='lat' dir='ltr'><strong>ad</strong></span> <span class='ocrx_word' id='word_1_564' title='bbox 3218 3742 3285 3801; x_wconf 87' lang='lat' dir='ltr'><strong>C.</strong></span> <span class='ocrx_word' id='word_1_565' title='bbox 3326 3742 3606 3801; x_wconf 70' lang='lat' dir='ltr'><strong>Cassiam</strong></span> 
     </span>
     <span class='ocr_line' id='line_1_96' title="bbox 2292 3816 3601 3878; baseline 0.002 -4"><span class='ocrx_word' id='word_1_566' title='bbox 2292 3822 2455 3876; x_wconf 80' lang='lat' dir='ltr'><strong>venit</strong></span> <span class='ocrx_word' id='word_1_567' title='bbox 2508 3835 2561 3872; x_wconf 89' lang='lat' dir='ltr'><strong>a.</strong></span> <span class='ocrx_word' id='word_1_568' title='bbox 2618 3837 2675 3874; x_wconf 90' lang='lat' dir='ltr'><strong>u.</strong></span> <span class='ocrx_word' id='word_1_569' title='bbox 2733 3837 2788 3876; x_wconf 94' lang='lat' dir='ltr'><strong>c.</strong></span> <span class='ocrx_word' id='word_1_570' title='bbox 2834 3826 2963 3878; x_wconf 87' lang='grc'><strong>711.</strong></span> <span class='ocrx_word' id='word_1_571' title='bbox 3028 3817 3273 3877; x_wconf 80' lang='lat' dir='ltr'><strong>Cassius</strong></span> <span class='ocrx_word' id='word_1_572' title='bbox 3311 3819 3388 3875; x_wconf 85' lang='lat' dir='ltr'><strong>ad</strong></span> <span class='ocrx_word' id='word_1_573' title='bbox 3427 3816 3601 3876; x_wconf 78' lang='lat' dir='ltr'><strong>Fam.</strong></span> 
     </span>
     <span class='ocr_line' id='line_1_97' title="bbox 2293 3893 3604 3970; baseline -0.004 -16"><span class='ocrx_word' id='word_1_574' title='bbox 2293 3903 2398 3960; x_wconf 89' lang='grc'><strong>12,</strong></span> <span class='ocrx_word' id='word_1_575' title='bbox 2441 3901 2545 3957; x_wconf 93' lang='grc'><strong>11,</strong></span> <span class='ocrx_word' id='word_1_576' title='bbox 2589 3900 2639 3951; x_wconf 92' lang='grc'><strong>1.</strong></span> <span class='ocrx_word' id='word_1_577' title='bbox 2682 3923 2758 3938; x_wconf 89' lang='lat'>—</span> <span class='ocrx_word' id='word_1_578' title='bbox 2795 3893 3001 3950; x_wconf 89' lang='lat' dir='ltr'><strong>Noluit</strong></span> <span class='ocrx_word' id='word_1_579' title='bbox 3040 3896 3095 3950; x_wconf 92' lang='lat' dir='ltr'><strong>ei</strong></span> <span class='ocrx_word' id='word_1_580' title='bbox 3138 3894 3436 3970; x_wconf 76' lang='lat' dir='ltr'><strong>legionem</strong></span> <span class='ocrx_word' id='word_1_581' title='bbox 3474 3905 3604 3950; x_wconf 85' lang='lat' dir='ltr'><strong>tra-</strong></span> 
     </span>
     <span class='ocr_line' id='line_1_98' title="bbox 2292 3967 3603 4043; baseline 0 -18"><span class='ocrx_word' id='word_1_582' title='bbox 2292 3969 2455 4025; x_wconf 87' lang='lat' dir='ltr'><strong>dere.</strong></span> <span class='ocrx_word' id='word_1_583' title='bbox 2512 3967 2664 4025; x_wconf 88' lang='lat' dir='ltr'><strong>Ibid.</strong></span> <span class='ocrx_word' id='word_1_584' title='bbox 2708 3968 2818 4043; x_wconf 89' lang='lat' dir='ltr'><strong>Ep.</strong></span> <span class='ocrx_word' id='word_1_585' title='bbox 2846 3976 2940 4036; x_wconf 89' lang='grc'><strong>12,</strong></span> <span class='ocrx_word' id='word_1_586' title='bbox 2978 3975 3035 4029; x_wconf 81' lang='grc'><strong>5.</strong></span> <span class='ocrx_word' id='word_1_587' title='bbox 3075 3998 3153 4013; x_wconf 89' lang='lat'>—</span> <span class='ocrx_word' id='word_1_588' title='bbox 3190 3969 3355 4041; x_wconf 77' lang='lat' dir='ltr'><strong>„Iste</strong></span> <span class='ocrx_word' id='word_1_589' title='bbox 3393 3974 3603 4027; x_wconf 88' lang='lat' dir='ltr'><strong>nescio</strong></span> 
     </span>
     <span class='ocr_line' id='line_1_99' title="bbox 2287 4043 3595 4122; baseline 0.001 -22"><span class='ocrx_word' id='word_1_590' title='bbox 2287 4046 2390 4122; x_wconf 89' lang='lat' dir='ltr'><strong>qui</strong></span> <span class='ocrx_word' id='word_1_591' title='bbox 2473 4043 2772 4102; x_wconf 77' lang='lat' dir='ltr'><strong>Caecilius</strong></span> <span class='ocrx_word' id='word_1_592' title='bbox 2861 4043 3150 4102; x_wconf 84' lang='lat' dir='ltr'><strong>Bassus.&#39;&#39;</strong></span> <span class='ocrx_word' id='word_1_593' title='bbox 3259 4044 3411 4102; x_wconf 89' lang='lat' dir='ltr'><strong>Ibid.</strong></span> <span class='ocrx_word' id='word_1_594' title='bbox 3481 4044 3595 4119; x_wconf 87' lang='lat' dir='ltr'><strong>Ep.</strong></span> 
     </span>
    </p>
   </div>
   <div class='ocr_carea' id='block_1_22' title="bbox 2217 4119 3601 4346">
    <p class='ocr_par' dir='ltr' id='par_1_23' title="bbox 2217 4119 3601 4346">
     <span class='ocr_line' id='line_1_100' title="bbox 2217 4119 3601 4187; baseline -0.001 -10"><span class='ocrx_word' id='word_1_595' title='bbox 2217 4125 2398 4187; x_wconf 53' lang='lat'><strong>-=*18,</strong></span> <span class='ocrx_word' id='word_1_596' title='bbox 2458 4128 2510 4178; x_wconf 82' lang='lat'><strong>1.</strong></span> <span class='ocrx_word' id='word_1_597' title='bbox 2553 4149 2615 4159; x_wconf 97' lang='lat'><strong>—</strong></span> <span class='ocrx_word' id='word_1_598' title='bbox 2660 4119 2954 4177; x_wconf 87' lang='lat' dir='ltr'><strong>Caecilius</strong></span> <span class='ocrx_word' id='word_1_599' title='bbox 3004 4119 3231 4177; x_wconf 84' lang='lat' dir='ltr'><strong>Bassus</strong></span> <span class='ocrx_word' id='word_1_600' title='bbox 3281 4123 3601 4178; x_wconf 76' lang='lat' dir='ltr'><strong>suscitavit</strong></span> 
     </span>
     <span class='ocr_line' id='line_1_101' title="bbox 2266 4193 3598 4271; baseline -0.001 -19"><span class='ocrx_word' id='word_1_601' title='bbox 2266 4195 2558 4269; x_wconf 22' lang='lat' dir='ltr'><strong>,Pompeii</strong></span> <span class='ocrx_word' id='word_1_602' title='bbox 2597 4205 2818 4270; x_wconf 83' lang='lat' dir='ltr'><strong>partes.</strong></span> <span class='ocrx_word' id='word_1_603' title='bbox 2885 4194 3084 4253; x_wconf 89' lang='lat' dir='ltr'><strong>Scbol.</strong></span> <span class='ocrx_word' id='word_1_604' title='bbox 3123 4193 3408 4253; x_wconf 85' lang='lat' dir='ltr'><strong>Ambros.</strong></span> <span class='ocrx_word' id='word_1_605' title='bbox 3482 4214 3598 4271; x_wconf 90' lang='lat' dir='ltr'><strong>pro</strong></span> 
     </span>
     <span class='ocr_line' id='line_1_102' title="bbox 2287 4269 3599 4346; baseline -0.001 -19"><span class='ocrx_word' id='word_1_606' title='bbox 2287 4270 2577 4327; x_wconf 87' lang='lat' dir='ltr'><strong>Deiotaro</strong></span> <span class='ocrx_word' id='word_1_607' title='bbox 2612 4290 2673 4346; x_wconf 91' lang='lat' dir='ltr'><strong>p.</strong></span> <span class='ocrx_word' id='word_1_608' title='bbox 2717 4275 2847 4332; x_wconf 82' lang='grc'><strong>575.</strong></span> <span class='ocrx_word' id='word_1_609' title='bbox 2902 4301 2975 4314; x_wconf 90' lang='grc'>-</span> <span class='ocrx_word' id='word_1_610' title='bbox 3032 4272 3122 4328; x_wconf 91' lang='lat' dir='ltr'><strong>De</strong></span> <span class='ocrx_word' id='word_1_611' title='bbox 3164 4270 3362 4328; x_wconf 89' lang='lat' dir='ltr'><strong>turbis</strong></span> <span class='ocrx_word' id='word_1_612' title='bbox 3407 4269 3484 4329; x_wconf 88' lang='lat' dir='ltr'><strong>ab</strong></span> <span class='ocrx_word' id='word_1_613' title='bbox 3526 4289 3599 4327; x_wconf 92' lang='lat' dir='ltr'><strong>eo</strong></span> 
     </span>
    </p>
   </div>
   <div class='ocr_carea' id='block_1_23' title="bbox 2290 4344 3602 4532">
    <p class='ocr_par' dir='ltr' id='par_1_24' title="bbox 2290 4344 3602 4532">
     <span class='ocr_line' id='line_1_103' title="bbox 2290 4344 3503 4422; baseline 0.003 -20"><span class='ocrx_word' id='word_1_614' title='bbox 2290 4349 2351 4402; x_wconf 89' lang='lat' dir='ltr'><strong>in</strong></span> <span class='ocrx_word' id='word_1_615' title='bbox 2391 4344 2572 4421; x_wconf 84' lang='lat' dir='ltr'><strong>Syria</strong></span> <span class='ocrx_word' id='word_1_616' title='bbox 2614 4349 2788 4404; x_wconf 89' lang='lat' dir='ltr'><strong>motis</strong></span> <span class='ocrx_word' id='word_1_617' title='bbox 2827 4346 2962 4404; x_wconf 83' lang='lat' dir='ltr'><strong>vide</strong></span> <span class='ocrx_word' id='word_1_618' title='bbox 3001 4347 3237 4422; x_wconf 86' lang='lat' dir='ltr'><strong>Ioseph.</strong></span> <span class='ocrx_word' id='word_1_619' title='bbox 3276 4352 3368 4416; x_wconf 75' lang='grc'><strong>111,</strong></span> <span class='ocrx_word' id='word_1_620' title='bbox 3416 4354 3503 4406; x_wconf 84' lang='lat'><strong>11.</strong></span> 
     </span>
     <span class='ocr_line' id='line_1_104' title="bbox 2365 4457 3602 4532; baseline 0.001 -18"><span class='ocrx_word' id='word_1_621' title='bbox 2365 4458 2440 4532; x_wconf 90' lang='lat' dir='ltr'><strong>Q.</strong></span> <span class='ocrx_word' id='word_1_622' title='bbox 2484 4457 2808 4517; x_wconf 66' lang='lat' dir='ltr'><strong>Carcinus</strong></span> <span class='ocrx_word' id='word_1_623' title='bbox 2846 4458 2982 4516; x_wconf 75' lang='lat' dir='ltr'><strong>Dro.</strong></span> <span class='ocrx_word' id='word_1_624' title='bbox 3060 4459 3213 4517; x_wconf 88' lang='lat' dir='ltr'><strong>Vide</strong></span> <span class='ocrx_word' id='word_1_625' title='bbox 3256 4459 3377 4517; x_wconf 77' lang='lat' dir='ltr'><strong>Dro</strong></span> <span class='ocrx_word' id='word_1_626' title='bbox 3416 4460 3602 4517; x_wconf 86' lang='lat' dir='ltr'><strong>Hale-</strong></span> 
     </span>
    </p>
   </div>
   <div class='ocr_carea' id='block_1_24' title="bbox 2289 4537 2475 4591">
    <p class='ocr_par' dir='ltr' id='par_1_25' title="bbox 2289 4537 2475 4591">
     <span class='ocr_line' id='line_1_105' title="bbox 2289 4537 2475 4591; baseline -0.005 0"><span class='ocrx_word' id='word_1_627' title='bbox 2289 4537 2475 4591; x_wconf 86' lang='lat' dir='ltr'><strong>sinus.</strong></span> 
     </span>
    </p>
   </div>
   <div class='ocr_carea' id='block_1_25' title="bbox 2280 4637 3606 5320">
    <p class='ocr_par' dir='ltr' id='par_1_26' title="bbox 2283 4637 3606 5092">
     <span class='ocr_line' id='line_1_106' title="bbox 2365 4637 3606 4705; baseline -0.002 -11"><span class='ocrx_word' id='word_1_628' title='bbox 2365 4639 2436 4694; x_wconf 90' lang='lat' dir='ltr'><strong>T.</strong></span> <span class='ocrx_word' id='word_1_629' title='bbox 2471 4638 2797 4695; x_wconf 66' lang='lat' dir='ltr'><strong>Carcinus</strong></span> <span class='ocrx_word' id='word_1_630' title='bbox 2842 4638 3254 4705; x_wconf 63' lang='lat' dir='ltr'><strong>Eua-remon,</strong></span> <span class='ocrx_word' id='word_1_631' title='bbox 3300 4638 3493 4694; x_wconf 83' lang='lat' dir='ltr'><strong>Attici</strong></span> <span class='ocrx_word' id='word_1_632' title='bbox 3532 4637 3606 4692; x_wconf 87' lang='lat' dir='ltr'><strong>li-</strong></span> 
     </span>
     <span class='ocr_line' id='line_1_107' title="bbox 2288 4713 3604 4790; baseline -0.002 -20"><span class='ocrx_word' id='word_1_633' title='bbox 2288 4713 2513 4770; x_wconf 88' lang='lat' dir='ltr'><strong>bertus.</strong></span> <span class='ocrx_word' id='word_1_634' title='bbox 2530 4743 2600 4757; x_wconf 95' lang='lat'>—</span> <span class='ocrx_word' id='word_1_635' title='bbox 2616 4713 2706 4769; x_wconf 92' lang='lat' dir='ltr'><strong>De</strong></span> <span class='ocrx_word' id='word_1_636' title='bbox 2724 4714 3056 4788; x_wconf 83' lang='lat' dir='ltr'><strong>Eutychide</strong></span> <span class='ocrx_word' id='word_1_637' title='bbox 3077 4727 3346 4790; x_wconf 66' lang='lat' dir='ltr'><strong>gratuitu</strong></span> <span class='ocrx_word' id='word_1_638' title='bbox 3419 4715 3483 4769; x_wconf 89' lang='lat' dir='ltr'><strong>ui</strong></span> <span class='ocrx_word' id='word_1_639' title='bbox 3497 4730 3604 4769; x_wconf 72' lang='lat' dir='ltr'><strong>ve-</strong></span> 
     </span>
     <span class='ocr_line' id='line_1_108' title="bbox 2288 4791 3605 4857; baseline -0.001 -12"><span class='ocrx_word' id='word_1_640' title='bbox 2288 4801 2414 4846; x_wconf 87' lang='lat' dir='ltr'><strong>tere</strong></span> <span class='ocrx_word' id='word_1_641' title='bbox 2477 4791 2868 4857; x_wconf 68' lang='lat' dir='ltr'><strong>iraenomine,</strong></span> <span class='ocrx_word' id='word_1_642' title='bbox 2907 4808 3071 4847; x_wconf 83' lang='lat' dir='ltr'><strong>novo</strong></span> <span class='ocrx_word' id='word_1_643' title='bbox 3108 4791 3347 4847; x_wconf 88' lang='lat' dir='ltr'><strong>nomine</strong></span> <span class='ocrx_word' id='word_1_644' title='bbox 3377 4791 3391 4809; x_wconf 91' lang='lat'><em>&#39;</em></span> <span class='ocrx_word' id='word_1_645' title='bbox 3437 4828 3451 4843; x_wconf 97' lang='lat'><strong>.</strong></span> <span class='ocrx_word' id='word_1_646' title='bbox 3487 4792 3605 4845; x_wconf 88' lang='lat' dir='ltr'><strong>erit</strong></span> 
     </span>
     <span class='ocr_line' id='line_1_109' title="bbox 2287 4864 3605 4933; baseline -0.003 -11"><span class='ocrx_word' id='word_1_647' title='bbox 2287 4865 2465 4922; x_wconf 90' lang='lat' dir='ltr'><strong>Caeci</strong></span> <span class='ocrx_word' id='word_1_648' title='bbox 2493 4866 2605 4922; x_wconf 87' lang='lat' dir='ltr'><strong>ius.</strong></span> <span class='ocrx_word' id='word_1_649' title='bbox 2661 4864 2735 4921; x_wconf 91' lang='lat' dir='ltr'><strong>ad</strong></span> <span class='ocrx_word' id='word_1_650' title='bbox 2756 4865 2886 4923; x_wconf 83' lang='lat' dir='ltr'><strong>Att.</strong></span> <span class='ocrx_word' id='word_1_651' title='bbox 2906 4867 2968 4933; x_wconf 68' lang='lat'><strong>4,</strong></span> <span class='ocrx_word' id='word_1_652' title='bbox 2993 4870 3089 4933; x_wconf 89' lang='grc'><strong>15,</strong></span> <span class='ocrx_word' id='word_1_653' title='bbox 3115 4876 3168 4923; x_wconf 90' lang='grc'><strong>1.</strong></span> <span class='ocrx_word' id='word_1_654' title='bbox 3225 4866 3295 4922; x_wconf 91' lang='lat' dir='ltr'><strong>Id</strong></span> <span class='ocrx_word' id='word_1_655' title='bbox 3322 4875 3435 4929; x_wconf 89' lang='lat' dir='ltr'><strong>est,</strong></span> <span class='ocrx_word' id='word_1_656' title='bbox 3468 4882 3605 4920; x_wconf 87' lang='lat' dir='ltr'><strong>cum</strong></span> 
     </span>
     <span class='ocr_line' id='line_1_110' title="bbox 2283 4938 3602 5006; baseline 0 -11"><span class='ocrx_word' id='word_1_657' title='bbox 2283 4943 2683 4997; x_wconf 86' lang='lat' dir='ltr'><strong>manumissus</strong></span> <span class='ocrx_word' id='word_1_658' title='bbox 2713 4948 2875 4999; x_wconf 84' lang='lat' dir='ltr'><strong>esset</strong></span> <span class='ocrx_word' id='word_1_659' title='bbox 2893 4938 2971 4998; x_wconf 82' lang='lat' dir='ltr'><strong>ab</strong></span> <span class='ocrx_word' id='word_1_660' title='bbox 2986 4940 3212 5006; x_wconf 76' lang='lat' dir='ltr'><strong>Attico,</strong></span> <span class='ocrx_word' id='word_1_661' title='bbox 3248 4958 3470 4997; x_wconf 87' lang='lat' dir='ltr'><strong>nomen</strong></span> <span class='ocrx_word' id='word_1_662' title='bbox 3498 4957 3602 4996; x_wconf 81' lang='lat' dir='ltr'><strong>ac-</strong></span> 
     </span>
     <span class='ocr_line' id='line_1_111' title="bbox 2284 5015 3601 5092; baseline 0 -22"><span class='ocrx_word' id='word_1_663' title='bbox 2284 5019 2443 5090; x_wconf 88' lang='lat' dir='ltr'><strong>cepit</strong></span> <span class='ocrx_word' id='word_1_664' title='bbox 2490 5016 2561 5072; x_wconf 93' lang='lat' dir='ltr'><strong>T.</strong></span> <span class='ocrx_word' id='word_1_665' title='bbox 2614 5015 2936 5092; x_wconf 81' lang='lat' dir='ltr'><strong>Pomponii</strong></span> <span class='ocrx_word' id='word_1_666' title='bbox 2987 5015 3373 5092; x_wconf 79' lang='lat' dir='ltr'><strong>Eutychidis3</strong></span> <span class='ocrx_word' id='word_1_667' title='bbox 3429 5025 3601 5092; x_wconf 88' lang='lat' dir='ltr'><strong>post-</strong></span> 
     </span>
    </p>

    <p class='ocr_par' dir='ltr' id='par_1_27' title="bbox 2280 5090 3599 5320">
     <span class='ocr_line' id='line_1_112' title="bbox 2325 5090 3596 5167; baseline -0.001 -20"><span class='ocrx_word' id='word_1_668' title='bbox 2325 5108 2460 5148; x_wconf 85' lang='lat' dir='ltr'><strong>uam</strong></span> <span class='ocrx_word' id='word_1_669' title='bbox 2497 5103 2693 5149; x_wconf 85' lang='lat' dir='ltr'><strong>autem</strong></span> <span class='ocrx_word' id='word_1_670' title='bbox 2714 5095 2954 5150; x_wconf 85' lang='lat' dir='ltr'><strong>Atticus</strong></span> <span class='ocrx_word' id='word_1_671' title='bbox 2988 5090 3305 5167; x_wconf 85' lang='lat' dir='ltr'><strong>adoptatus</strong></span> <span class='ocrx_word' id='word_1_672' title='bbox 3344 5101 3434 5148; x_wconf 83' lang='lat' dir='ltr'><strong>est</strong></span> <span class='ocrx_word' id='word_1_673' title='bbox 3457 5110 3490 5146; x_wconf 88' lang='lat' dir='ltr'><strong>a</strong></span> <span class='ocrx_word' id='word_1_674' title='bbox 3519 5091 3596 5162; x_wconf 90' lang='lat' dir='ltr'><strong>Q.</strong></span> 
     </span>
     <span class='ocr_line' id='line_1_113' title="bbox 2334 5164 3599 5241; baseline 0.001 -20"><span class='ocrx_word' id='word_1_675' title='bbox 2334 5164 2565 5232; x_wconf 85' lang='lat' dir='ltr'><strong>aecilio,</strong></span> <span class='ocrx_word' id='word_1_676' title='bbox 2612 5166 2893 5226; x_wconf 82' lang='lat' dir='ltr'><strong>libertum</strong></span> <span class='ocrx_word' id='word_1_677' title='bbox 2933 5164 3008 5224; x_wconf 87' lang='lat' dir='ltr'><strong>T.</strong></span> <span class='ocrx_word' id='word_1_678' title='bbox 3044 5175 3193 5235; x_wconf 84' lang='lat' dir='ltr'><strong>(non</strong></span> <span class='ocrx_word' id='word_1_679' title='bbox 3221 5166 3320 5241; x_wconf 86' lang='lat' dir='ltr'><strong>Q.)</strong></span> <span class='ocrx_word' id='word_1_680' title='bbox 3350 5167 3599 5225; x_wconf 89' lang='lat' dir='ltr'><strong>Caecilii</strong></span> 
     </span>
     <span class='ocr_line' id='line_1_114' title="bbox 2280 5241 3402 5320; baseline -0.001 -20"><span class='ocrx_word' id='word_1_681' title='bbox 2280 5241 2635 5316; x_wconf 82' lang='lat' dir='ltr'><strong>Eutychidis</strong></span> <span class='ocrx_word' id='word_1_682' title='bbox 2675 5260 2896 5302; x_wconf 88' lang='lat' dir='ltr'><strong>nomen</strong></span> <span class='ocrx_word' id='word_1_683' title='bbox 2937 5260 3151 5320; x_wconf 86' lang='lat' dir='ltr'><strong>gerere</strong></span> <span class='ocrx_word' id='word_1_684' title='bbox 3191 5244 3402 5301; x_wconf 84' lang='lat' dir='ltr'><strong>voluit.</strong></span> 
     </span>
    </p>
   </div>
  </div>
 </body>
</html>
