4367 6084
1193 641 1279 710 C.
1328 642 1765 723 FANNHJS.
1811 675 1894 692 -·
1940 641 2399 708 FAUSTIUS
2444 645 2569 709 ΕΤ
2614 645 3151 714 FAUSTIANI.

812 787 893 841 sit
933 783 1094 840 duos
1137 783 1416 860 aequales
1457 782 1722 839 eiusdem
1764 784 2027 839 nominis
2070 779 2173 839 il-²

814 863 1047 917 lustres
1090 863 1258 916 viros
1301 860 1593 916 extitisse.
1653 858 2041 932 Quapropter
2080 862 2140 915 in

817 935 1063 992 duobus
1105 935 1507 992 subsistemus
1533 943 1977 1010 statuemusque
2012 938 2141 1010 opi-

817 1015 1066 1083 nionem
1092 1010 1477 1074 illam‘l'ullii,
1503 1009 1572 1067 C.
1591 1010 1890 1066 Fannium
1913 1009 2072 1067 M.F.
2092 1031 2145 1066 a.

815 1093 948 1145 612.
976 1087 1293 1143 tribunum
1318 1085 1399 1159 pl.
1423 1086 1606 1142 fnisse
1635 1102 1710 1139 ex
1736 1103 1903 1142 mero
1932 1104 2144 1142 errore

818 1175 1055 1227 ortam,
1096 1165 1389 1229 confuso,
1433 1172 1498 1217 ut
1535 1164 1791 1236 opinor,
1834 1160 2167 1218 tribunatu*

818 1239 1075 1294 militari
1115 1257 1252 1294 cum
1295 1238 1605 1294 tribunatu
1643 1236 1755 1312 pl„
1803 1246 2011 1308 postea
2049 1256 2145 1293 re-
2177 1301 2178 1306 ἵ

817 1317 1075 1371 ini-iam
1117 1332 1250 1370 esse
1292 1310 1368 1369 ab
1408 1313 1648 1376 Attico,
1709 1313 1866 1368 unde
1919 1313 2143 1369 factum

818 1402 1009 1466 puto.
1067 1399 1135 1444 ut
1186 1389 1349 1445 nulla
1403 1391 1531 1444 eius
1573 1390 1660 1444 rei
1701 1390 1927 1444 mentio
1963 1405 2145 1520 repe-

821 1468 1026 1523 riatur
1084 1468 1149 1521 in
1203 1464 1444 1530 Laelio,
1509 1482 1683 1539 quem
1743 1467 1805 1520 in
1864 1466 2026 1521 niani
2072 1482 2142 1518 us

821 1541 1108 1597 babuisse
1150 1541 1390 1596 videtur
1428 1541 1501 1596 iis
1544 1541 1691 1614 ipsis
1733 1537 1965 1606 diebus,
2009 1541 2142 1615 qui-

821 1615 932 1673 lius
989 1617 1067 1672 de
1111 1614 1177 1673 C.
1217 1615 1449 1672 Fannio
1491 1615 1573 1673 M.
1619 1615 1688 1671 F.
1724 1616 1995 1671 Atticum
2044 1617 2143 1671 in-

823 1693 1187 1768 terrogavit.

896 1814 966 1871 C.
1031 1814 1306 1870 Fannius
1363 1831 1438 1869 ex
1492 1811 1594 1870 illo
1649 1811 1901 1870 obsesso
1963 1823 2140 1889 atque

821 1888 1055 1947 amicto
1095 1889 1411 1946 tribunatu
1457 1908 1566 1946 suo
1604 1890 1983 1947 consularem
2030 1907 2142 1943 aii-

822 1969 1173 2022 etot-itatem
1214 1966 1391 2020 honio
1421 1978 1510 2021 est
1542 1965 1891 2023 adolescens
1921 1983 2142 2037 conse-

820 2053 1021 2099 cutus.
1062 2045 1126 2097 in
1155 2040 1458 2096 Vatinium
1492 2047 1546 2106 7,
1576 2046 1746 2101 16.-
1774 2040 1843 2098 C.
1870 2041 2140 2103 Fannius

820 2114 1110 2174 tribunus
1199 2115 1235 2172 l.
1274 2118 1549 2188 egregius
1583 2136 1635 2171 a.
1654 2135 1712 2171 u.
1735 2136 1787 2173 c.
1821 2123 1955 2178 695.
1987 2117 2140 2174 Cae-

819 2210 959 2248 sare
1013 2202 1078 2247 et
1188 2189 1349 2246 ibulo
1402 2209 1559 2248 coss.
1635 2211 1748 2266 pro
1789 2190 1990 2250 Sestio
2043 2198 2114 2251 55

822 2258 954 2330 11'3.
997 2299 1071 2312 —
1111 2264 1424 2323 Tribunus
1475 2267 1557 2342 pl.
1600 2269 1842 2324 mininie
1881 2264 2108 2344 popula

818 2349 930 2400 ris.
980 2341 1199 2399 ‘SchoL
1233 2339 1384 2398 Boli.
1413 2360 1528 2417 pro
1557 2340 1758 2400 Sestio
1792 2363 1852 2418 p.
1887 2348 2018 2404 30⁸⁸.
2077 2342 2163 2414 in}

819 2419 1030 2475 vatin.
1059 2437 1123 2493 p.
1153 2421 1284 2476 317.
1339 2415 1588 2474 Scilicet
1624 2436 1697 2474 eo
1739 2439 1880 2476 usus
1917 2432 2009 2476 est
2035 2418 2163 2477 Βι-ἶ

820 2492 1004 2550 buius
1082 2496 1146 2549 in
1219 2493 1594 2567 impedienda
1664 2494 1942 2551 Caesaris
2011 2496 2138 2568 lege

820 2571 1088 2642 agraria.
1133 2597 1196 2608 -—
1242 2568 1311 2624 Iu
1348 2569 1416 2624 P.
1443 2568 1713 2626 Clodium
1752 2570 2133 2646 subscripsit.

821 2646 901 2701 ad
928 2647 1058 2702 Au.
1097 2653 1157 2708 2.
1199 2645 1295 2708 2³,
1332 2650 1388 2705 3.
1433 2672 1505 2684 —
1544 2647 1823 2702 Pontifex
1864 2654 1941 2715 (a.
1981 2667 2039 2701 n.
2081 2667 2134 2703 c.

818 2724 997 2793 697.)
1049 2719 1124 2775 de
1160 2718 1426 2794 Harusp.
1456 2738 1618 2795 resp.
1659 2729 1713 2788 6,
1748 2730 1837 2780 12.
1874 2748 1947 2763 -
1988 2722 2138 2780 Cnm

819 2796 1173 2854 Postumius
1210 2812 1286 2850 ex
1315 2794 1380 2850 S.
1408 2794 1475 2852 C.
1507 2815 1562 2850 a.
1599 2815 1654 2851 u.
1684 2815 1736 2852 c.
1773 2802 1902 2857 705.
1949 2800 2008 2854 ιιι
2037 2798 2138 2855 Si-

820 2871 960 2928 cilia
1019 2870 1348 2926 succedere
1406 2871 1693 2929 Furfanio
1758 2872 1974 2942 nollet,
2035 2892 2135 2931 res

821 2949 895 3004 ad
924 2946 1229 3003 Fannium
1265 2950 1572 3021 pervenit:
1617 2951 1667 3004 is
1708 2967 1843 3004 cuni
1884 2949 2138 3022 imperio

822 3024 886 3078 in
948 3021 1224 3078 Siciliain
1289 3025 1713 3094 praemittitur.
1793 3025 1867 3079 ad
1906 3027 2032 3081 Ait.
2081 3033 2163 3091 7,’

824 3103 920 3162 15.
954 3106 1013 3156 2.
1074 3096 1164 3152 lb.
1196 3096 1334 3153 Lib.
1367 3107 1422 3163 8,
1461 3105 1547 3165 15,
1575 3104 1631 3157 5.
1681 3128 1740 3138 -
1788 3100 1876 3155 De
1906 3101 2137 3156 Fannio

822 3173 1113 3230 consoler
1142 3184 1197 3229 te
1216 3176 1243 3227 ἰ’
1300 3173 1645 3230 Perniciosa
1686 3175 2039 3250 loquebatur
2069 3176 2138 3231 de

825 3251 1146 3305 mansione
1189 3258 1287 3303 tua
1329 3248 1416 3321 (ιιι
1446 3249 1665 3316 Italia).
1723 3251 1801 3324 (a.
1829 3270 1885 3308 u.
1908 3270 1958 3307 c.
1983 3254 2140 3318 706.)

824 3324 900 3380 ad
935 3327 1066 3380 Ait.
1101 3331 1190 3387 11,
1232 3330 1288 3385 6.
1328 3332 1377 3382 6.
1455 3325 1604 3381 Cum
1647 3326 1848 3381 verbis
1891 3346 2142 3400 praece-

824 3399 1112 3456 dentibus
1154 3398 1502 3472 deploretiir
1530 3402 1799 3475 Pompeii
1836 3405 2136 3467 interitus,

829 3479 933 3532 vix
988 3477 1163 3530 aliter
1217 3478 1411 3548 accipi
1466 3489 1717 3550 possunt
1770 3480 1914 3533 liaec
1958 3478 2139 3534 verba

827 3571 1010 3627 quain
1079 3549 1373 3605 Fannium
1441 3572 1673 3628 quoque
1742 3555 1974 3627 perisse
2042 3565 2142 3609 ant

827 3647 949 3682 nna
1014 3644 1149 3681 cuni
1210 3626 1498 3699 Pompeio
1557 3639 1658 3683 aut
1722 3629 1921 3702 paullo
1983 3635 2169 3704 post.'

829 3701 1013 3774 Quod
1068 3703 1119 3756 si
1173 3711 1336 3755 recte
1380 3706 1881 3777 interpretamur,
1939 3709 2142 3780 utique

828 3777 1297 3833 «listinouendus
1353 3777 1426 3830 ali
1479 3779 1590 3833 hoc
1633 3780 1697 3835 C.
1740 3780 2007 3835 Fannius
2049 3800 2144 3835 se·-

827 3825 1060 3985 gugns‘:
1084 3851 1458 3982 Elii-nmque
1499 3873 1611 3928 pro
1659 3876 1778 3910 iiiio
1821 3856 2142 3932 eodemque

870 3951 901 3982 a
954 3939 1042 3983 uit
1138 3940 1420 3983 rnestius.

909 4050 975 4106 C.
1008 4050 1278 4105 stsiirs
1323 4054 1707 4123 (praetorius,
1754 4065 1816 4108 iit
1858 4055 1983 4110 volt
2023 4056 2146 4112 Ga-

828 4129 1169 4194 ratonius),
1217 4146 1245 4179 a
1294 4126 1372 4181 M.
1414 4127 1639 4202 Lepido
1681 4131 1759 4203 (a.
1798 4149 1854 4184 u.
1894 4150 1947 4187 c.
1989 4139 2144 4199 711.)

829 4204 1068 4268 legatus
1137 4205 1353 4256 iiiissns
1425 4203 1497 4257 ad
1567 4203 1708 4258 Sex.
1772 4206 2139 4280 l'onipei'uin.

832 4277 1098 4350 Philipp.
1151 4281 1238 4340 13,
1284 4281 1341 4340 6,
1393 4282 1483 4335 13.
1534 4308 1592 4317 —
1639 4280 1852 4336 Fuitne
1897 4301 2147 4354 praece-—

830 4357 1036 4407 dentis
1064 4350 1269 4406 lilius?
1326 4352 1413 4406 De
1455 4355 1567 4409 hoc
1609 4365 1711 4409 aut
1753 4360 2146 4428 praecedente

833 4428 1266 4498 intelligendus
1297 4429 1529 4484 videtui·
1557 4431 1722 4486 locus
1752 4433 1988 4506 loseplii
2020 4436 2146 4488 An-

833 4505 1061 4578 iiquiti.
1089 4508 1177 4566 14.
1209 4511 1298 4567 10,
1331 4510 1417 4561 15.
1478 4515 1658 4568 litii»..-
1703 4517 1925 4571 ’,ἰανιυς
1961 4507 2147 4565 Γαΐου

834 4589 999 4643 υἷος,
1047 4580 1430 4654 στρατηγὸς,
1487 4584 1744 4647 ὕπατος,
1791 4588 1985 4638 Λώων
2025 4583 2146 4657 (ἶρ-

821 4674 1015 4732 goi-<u
1066 4657 1347 4727 χαίρειν·
1408 4654 1508 4711 ubi
1564 4654 1792 4713 tisiam:
1839 4677 2012 4713 error
2058 4669 2148 4712 est

832 4730 1231 4786 librariorum
1285 4733 1485 4805 potius
1539 4750 1714 4806 quain
1755 4735 1992 4809 Iosephi
2037 4753 2147 4809 pro

832 4811 1224 4868 cii·1015.1a10;.

911 4937 980 4993 C.
1009 4937 1277 4992 Fam-irs
1303 4979 1316 5002 ,
1363 4957 1541 5012 eques
1582 4940 1917 5006 RomaniiS,
1963 4943 2149 4997 frater

833 5033 1161 5087 germaniis
1224 5016 1301 5085 Q.
1366 5016 1610 5079 Titinii,
1680 5030 1930 5091 propter
1988 5031 2147 5073 sarta

833 5101 993 5146 terta
1039 5108 1357 5164 pecuniam
1399 5092 1559 5148 dedit
1598 5092 1663 5148 C.
1706 5093 1915 5159 Verri,
1973 5113 2150 5166 prac-

834 5169 954 5222 tori
997 5165 1241 5221 urbano
1282 5186 1336 5222 a.
1372 5185 1424 5221 ii.
1454 5187 1508 5224 c.
1539 5173 1668 5227 680.
1726 5169 1901 5225 Verr.
1928 5171 2149 5226 Aecus.

837 5254 895 5311 1,
938 5244 1041 5309 49,
1091 5250 1223 5303 128.

3388 651 3510 735 25¹

2203 859 2281 932 Q.
2328 859 2609 917 Roscium
2651 860 3019 919 Coinoeduin
3069 885 3124 920 a.
3175 885 3234 922 ιι.
3277 887 3332 922 c.
3380 874 3512 925 677.

2202 954 2316 1010 pro
2354 936 2572 993 Roscio
2614 938 2781 996 Com.
2831 946 2858 994 1
2885 981 2901 1006 ,
2952 953 3001 996 1.
3063 940 3287 1010 (Homo
3322 942 3518 999 Grae-

2204 1029 2345 1076 cus,
2392 1022 2457 1067 ut
2496 1011 2798 1069 Chaereae
2838 1033 3055 1070 nomen
3099 1017 3363 1083 indicat,
3410 1020 3517 1074 sed

2203 1086 2446 1143 civitate
2487 1086 2780 1154 donatus,
2842 1102 2945 1146 aut
2984 1109 3017 1146 e
3055 1109 3236 1148 servo
3278 1091 3515 1149 liberti-

2204 1180 2316 1218 nus
2354 1164 2581 1228 factus,
2627 1184 2659 1219 a
2702 1163 2941 1220 Fannio
2982 1167 3291 1242 quodam.)

2276 1255 2673 1313 L.'Fan1uus
2724 1267 2786 1313 et
2836 1257 2903 1314 L.
2956 1259 3213 1318 Maevius.
3291 1260 3515 1318 Verres

2201 1348 2635 1463 fflyloparonem
2675 1309 3147 1467 Ρυιὶὴεννιίιιιίιιι
3195 1336 3287 1467 deI
3309 1336 3514 1470 deffieni

2269 1424 2575 1463 iesioruin
2635 1427 2775 1465 navi
2824 1427 2893 1465 us
2954 1429 3081 1467 eec
3113 1430 3209 1468 uin
3289 1448 3327 1467 ..
3449 1433 3519 1467 a-

2202 1484 2299 1555 gio
2339 1491 2399 1537 et
2439 1482 2516 1537 Le
2550 1482 2824 1548 Fannio,
2884 1488 2986 1561 qui
3028 1486 3238 1560 Myndi
3279 1486 3518 1545 liabita-

2201 1556 2365 1623 bant,
2416 1559 2702 1616 vendidit.
2760 1559 2839 1616 ni
2866 1572 3008 1617 sunt
3035 1562 3329 1630 homines,
3362 1582 3515 1640 quos

2203 1651 2402 1709 nuper.
2435 1645 2679 1692 senatus
2724 1637 2788 1692 in
2829 1637 3089 1693 bostium
3128 1657 3382 1695 numero
3409 1640 3517 1695 lia-

2203 1710 2428 1767 bendos
2450 1713 2725 1777 'censuit3
2769 1712 2881 1768 hoc
2919 1711 3007 1769 illi
3036 1716 3277 1787 navigio
3305 1734 3340 1770 a
3367 1714 3518 1771 Dia-

2204 1788 2299 1843 nia
2341 1786 2414 1841 ad
2456 1785 2745 1863 Sinopam
2791 1789 3250 1859 navigaverunt.
3331 1789 3512 1847 Ver'r.

2200 1864 2486 1919 Accusat.
2522 1870 2575 1929 1,
2608 1865 2704 1925 δἰ,
2738 1869 2831 1923 87.
2868 1893 2931 1903 -
2962 1863 3035 1920 L.
3064 1863 3335 1921 Fannius
3376 1883 3513 1922 cum

2201 1937 2270 1994 1..
2310 1937 2513 2010 Magio
2564 1957 2599 1992 a
2642 1936 2991 1995 Mithridate
3043 1939 3119 1996 ad
3174 1939 3517 1998 Sertorium

2202 2015 2438 2070 missus.
2477 2012 2927 2070 Pseudoascon.
2962 2019 3026 2071 in
3049 2015 3188 2072 Act.
3211 2016 3292 2072 11.
3336 2015 3515 2074 Verr.

2199 2108 2257 2164 p.
2301 2091 2431 2149 183.
2512 2088 2664 2145 Vide
2704 2088 2777 2145 L.
2824 2089 3088 2147 Maurus.

2276 2182 2357 2239 M.
2388 2182 2659 2239 Fuimus
2699 2186 3041 2259 quaestioni
3071 2185 3232 2243 inter
3258 2187 3515 2244 sicarios

2200 2259 2377 2316 iudex
2420 2269 2696 2332 praeerat
2737 2279 2791 2314 a.
2836 2278 2895 2315 ιι.
2939 2278 2994 2317 c.
3036 2261 3169 2320 674.
3227 2279 3343 2336 pro
3364 2261 3512 2318 Sex.

2200 2334 2375 2392 Rosc.
2415 2336 2487 2402 4,
2533 2344 2621 2394 11.
2663 2363 2733 2378 —-
2788 2333 3056 2392 Fannius
3097 2338 3360 2411 praefuit
3398 2337 3517 2394 ali-

2198 2409 2440 2543 auando
2479 2412 2819 2542 quffefztioni
2860 2410 2933 2467 de
2979 2412 3245 2547 ειιτιιιᾯιιιέξἆ
3302 2411 3509 2492 Schol.

2258 2504 2472 2543 ronov.
2515 2503 2547 2540 a
2684 2504 2992 2542 oscianain
3030 2505 3090 2561 p.
3175 2530 3205 2544 ..
3254 2529 3267 2544 .

2274 2578 2464 2633 Fas-ri
2516 2595 2683 2632 nias:
2743 2595 2854 2652 per
2913 2597 3064 2654 quos
3122 2578 3507 2652 praetoribus

2198 2655 2398 2710 omnia
2459 2650 2642 2708 verba
2695 2654 2827 2708 sine
2879 2653 3119 2726 piaculo
3173 2653 3315 2713 licet
3369 2658 3510 2714 fari.

2200 2729 2397 2785 Varro
2438 2726 2564 2783 LL.
2611 2734 2669 2792 6,
2712 2728 2767 2784 4.
2808 2747 2867 2802 p.
2904 2735 3035 2788 210.

2257 2823 2492 2913 'Fa-rua.
2541 2820 2774 2877 Famis.
2856 2820 3055 2878 Varro
3101 2822 3204 2879 Fr.
3261 2843 3323 2901 p.
3368 2829 3502 2886 557.

2200 2897 2514 3118 ἲιὲἐιᾶιωὲ,
2559 3000 2779 3038 numen
2807 2982 3097 3039 divinum.
3156 2982 3228 3041 de
3254 2984 3394 3043 Nat.
3435 2987 3510 3043 D.

2250 3101 2264 3126 ‚
2402 3102 2417 3124 ‚
2507 3062 2557 3116 ’1.

2171 3168 2172 3177 ¹
2275 3142 2355 3198 M.
2401 3143 2660 3198 Fannius
2704 3141 2789 3198 M.
2832 3142 2949 3219 F..
2982 3160 3163 3217 eques
3208 3142 3360 3213 Ro„
3405 3146 3516 3203 de..

2201 3220 2370 3274 curio
2414 3219 2665 3294 Arpini;
2727 3228 2818 3273 est
2857 3220 3014 3273 inter
3054 3218 3283 3294 legatos
3323 3223 3515 3298 Arpi-

2205 3297 2430 3350 natiuiu
2485 3290 2867 3363 vectigalium
2918 3312 3099 3349 causa
3154 3297 3217 3350 in
3259 3295 3515 3354 Galliam

2203 3372 2438 3425 missos,
2521 3367 2595 3423 ad
2636 3368 2802 3424 Fani.
2849 3376 2940 3435 13,
2988 3377 3080 3436 11,
3127 3378 3180 3427 1.

2276 3464 2488 3520 Fauna
2540 3463 2774 3520 Fau-us.
2856 3463 3056 3520 Varro
3096 3465 3201 3521 Fr.
3265 3486 3326 3542 p.
3371 3473 3505 3528 357.

2204 3539 2339 3614 Bip.

2276 3625 2473 3680 Fsum
2514 3623 2608 3678 dei
2636 3623 3013 3692 Latinorum,
3057 3628 3137 3682 ita
3175 3638 3241 3684 ut
3269 3629 3513 3687 Faunus

2204 3711 2263 3756 et
2295 3701 2501 3755 Fauna
2544 3702 2697 3756 sint:
2744 3701 2851 3756 bos
2896 3702 3172 3759 versibus
3214 3724 3364 3780 quos
3406 3725 3515 3761 vo-

2205 3786 2343 3832 cant
2403 3775 2723 3832 Saturnios
2791 3780 2853 3832 in
2919 3777 3302 3835 silvestribus
3363 3781 3512 3836 locis

2206 3852 2488 3907 traditum
2547 3863 2636 3908 est
2691 3851 2898 3906 solitos
2950 3854 3096 3915 fari,
3154 3875 3272 3930 quo
3332 3854 3515 3912 fando

2206 3929 2392 3983 Fauni
2433 3927 2597 3982 dicti.
2657 3928 2853 3984 Varro
2898 3927 3020 3982 LL.
3071 3938 3124 3995 7,
3172 3938 3227 3989 5.
3273 3949 3332 4004 p.
3378 3937 3510 3993 323.

2211 4034 2269 4043 —
2316 4005 2639 4073 „Versibus
2681 4023 2817 4074 quos
2855 4005 2987 4055 oli‘m
3026 4006 3207 4056 Faum‘
3245 4018 3515 4078 vatesque

2202 4081 2530 4131 canebane.”
2628 4079 2876 4137 Ennius.
2981 4078 3153 4136 Orat.
3213 4086 3320 4145 51.
3382 4091 3509 4141 17i.

2208 4157 2352 4210 lteni
2394 4155 2558 4210 Brut.
2606 4162 2703 4219 18,
2743 4164 2830 4213 71.
2901 4155 3026 4211 Cir.
3072 4154 3223 4212 lbid.
3275 4164 3377 4224 19,
3425 4165 3514 4216 75.

2204 4263 2279 4273 -
2319 4231 2509 4303 Saepe
2552 4230 2894 4285 Faunorum
2950 4249 3129 4285 voces
3177 4234 3511 4288 exauditae.

2180 4307 2277 4360 'ile
2299 4305 2438 4361 Nat.
2466 4305 2536 4360 D.
2578 4312 2646 4370 2,
2691 4312 2759 4371 2,
2802 4311 2855 4363 6.
2912 4305 3063 4362 lbid.
3109 4313 3164 4372 5,
3209 4315 3264 4371 6,
3313 4315 3404 4365 15.
3448 4338 3508 4347 -

2210 4382 2393 4435 Fauni
2423 4399 2600 4454 saepe
2629 4384 2806 4436 etiam
2836 4384 2893 4436 in
2918 4382 3165 4455 proeliis
3188 4383 3396 4438 auditi.
3444 4384 3515 4436 de

2180 4457 2413 4511 ''Divin.
2459 4467 2513 4518 1,
2559 4459 2651 4518 45.
2697 4465 2821 4516 101.
2856 4487 2916 4497 —
2957 4455 3159 4513 schol.
3202 4457 3354 4513 Boh.
3399 4479 3513 4534 pro

2210 4533 2454 4588 Plancio
2500 4551 2556 4604 p.
2594 4537 2722 4589 256.

2280 4626 2563 4689 FAusrA,
2614 4625 2854 4685 Milonis
2900 4644 3078 4682 uxor.
3162 4626 3234 4681 ad
3283 4628 3407 4682 Ait.
3454 4634 3509 4694 5,

2209 4711 2263 4766 8,
2307 4708 2360 4757 2.
2388 4731 2462 4743 —
2499 4701 2736 4767 Fausta,
2783 4701 2983 4757 Sullae
3014 4700 3157 4766 lilia,
3202 4721 3357 4757 uxor
3387 4707 3514 4776 pri-

2211 4796 2364 4832 inum
2396 4777 2680 4840 Memmii,
2726 4776 2936 4832 deinde
2967 4777 3227 4841 Milonis,
3273 4783 3513 4835 tertium

2211 4856 2278 4910 L.
2325 4854 2601 4926 Apronii.
2677 4853 2903 4907 Ascon.
2953 4854 3011 4907 in
3054 4852 3266 4908 Scaur.
3308 4872 3368 4926 p.
3414 4861 3508 4911 29.

2211 4929 2306 4985 ubi
2352 4930 2507 4984 vide.
2566 4928 2727 4983 Ideni
2766 4931 2825 4984 i'n
2863 4927 3071 4984 Milon.
3116 4947 3176 5000 p.
3217 4932 3309 4985 33.
3369 4929 3514 4985 Plu-

2211 5006 2397 5062 tarch.
2456 5007 2517 5060 iii
2572 5004 2737 5059 Sulla
2790 5022 2842 5059 c.
2896 5007 2988 5061 δἰ.
3063 5003 3365 5062 Bentleius
3436 5008 3512 5064 ad

2212 5083 2422 5138 llorat.
2467 5080 2662 5136 Serui.
2708 5088 2759 5146 1,
2808 5088 2863 5144 2,
2909 5082 3006 5137 64.

2287 5168 2586 5223 ansrius
2628 5175 2684 5220 et
2726 5165 3084 5222 Faunum.
3142 5165 3340 5224 Varro
3382 5167 3507 5226 LL.

2212 5247 2270 5311 9,
2313 5245 2409 5300 42.
2453 5262 2513 5318 p.
2558 5247 2690 5301 508.

2279 783 2347 841 C.
2390 785 2657 843 Fannius
2702 785 2993 844 Castana
3034 792 3095 845 in
3138 792 3230 846 ius
3271 795 3515 848 vocavit
3596 796 3603 802 '
