4367 6084
983 623 1109 688 242

983 769 1057 832 6,
1099 768 1168 830 6,
1213 769 1269 823 5.
1319 792 1380 805 -
1426 760 1670 817 Etrusci
1729 757 1960 814 caelum
2016 759 2078 814 in
2118 756 2287 813 XVI.

986 850 1191 915 partes
1232 839 1586 894 diviserunt.
1645 834 1720 890 de
1746 834 1952 890 Divin.
1985 842 2038 901 2,
2075 841 2162 897 18,
2194 837 2288 891 42.

986 947 1059 959 -
1094 915 1354 971 Maiores
1398 913 1592 966 nostri
1630 920 2052 984 portentorum
2091 908 2294 982 expla-

988 992 1263 1047 nationes
1305 987 1703 1043 Etruscorum
1765 984 2082 1059 disciplina
2144 1003 2294 1040 con-

989 1068 1169 1123 tineri
1209 1073 1517 1139 putarunt.
1589 1061 1660 1116 de
1702 1060 1962 1135 Ilarusp.
2016 1079 2177 1135 resp.
2235 1067 2290 1125 9,

990 1145 1083 1201 18.
1127 1171 1199 1184 -
1239 1138 1335 1195 Ad
1361 1138 1655 1194 Etruscos
1694 1137 2045 1212 haruspices
2086 1135 2296 1210 prodi-

930 1255 934 1259 -
991 1221 1108 1349 gia,
1154 1223 1494 1346 plortegitaL
1500 1214 1550 1268 si
1594 1213 2142 1346 seugtus9iu2sfrit,
2193 1210 2297 1342 dle-

1018 1309 1261 1348 erena.
1361 1308 1391 1345 e
1501 1308 1531 1344 e
1619 1330 1765 1354 ...,
1882 1317 2172 1353 ,.,.-
2258 1305 2294 1341 n

993 1385 1172 1442 apum
1210 1365 1471 1422 fortasse
1512 1308 1786 1420 effimine
1828 1382 1941 1419 nos
1998 1383 2073 1419 ex
2114 1362 2299 1418 Etru-

994 1459 1240 1499 scorum
1279 1442 1523 1516 scriptis
1566 1441 1947 1514 haruspices,
1987 1449 2052 1494 ut
2093 1457 2126 1495 a
2167 1456 2299 1493 ser-

993 1520 1142 1575 vitio
1167 1534 1540 1584 caveremus,
1568 1525 1897 1571 monerent.
1940 1513 2012 1570 de
2034 1513 2298 1587 Harusp.

993 1612 1163 1724 :iesp<I
1206 1600 1337 1723 321.)
1380 1597 1472 1707 2⁹5.
1501 1590 2297 1724 Ι-1Ρὲῑνυεοέἱιεινυηέίοεε.

1040 1688 1070 1724 e
1169 1688 1197 1723 a
1232 1707 1244 1721 .
1344 1707 1357 1720 .
1400 1708 1454 1731 ..,
1513 1681 1556 1731 ι,
1683 1696 1806 1721 .-
1904 1684 2078 1722 orum
2161 1683 2304 1720 aru-

997 1746 1213 1819 spicini
1273 1753 1332 1798 et
1369 1742 1692 1816 fulgurales
1734 1752 1792 1796 et
1831 1740 2188 1796 tonitruales
2228 1739 2305 1796 li-

997 1819 1096 1879 bri
1152 1828 1539 1893 opponuntur
1583 1817 1988 1873 Romanorum
2042 1834 2302 1891 augura-

999 1892 1247 1953 ralibus.
1308 1893 1378 1949 de
1405 1893 1606 1949 Divin.
1648 1900 1702 1959 1,
1745 1896 1837 1958 55,
1885 1899 1977 1949 72.
2024 1921 2099 1934 -
2134 1892 2306 1943 Etru-

999 1990 1128 2023 scae
1166 1970 1432 2032 chartae,
1477 1967 1536 2024 id
1578 1978 1705 2034 est,
1747 1966 1886 2023 libri
1928 1967 2078 2022 artis
2118 1985 2308 2040 augu-

1000 2045 1146 2103 ralis
1189 2054 1248 2100 et
1288 2044 1359 2100 de
1401 2045 1809 2118 haruspicina.
1870 2042 1942 2098 de
1985 2042 2191 2097 Divin.
2254 2055 2303 2107 1,

1004 2128 1098 2187 12,
1145 2128 1238 2180 20.
1286 2150 1352 2162 -
1395 2119 1793 2176 Etruscorum
1841 2117 1981 2173 libri
2034 2119 2176 2193 quid
2235 2116 2307 2173 de

1003 2199 1167 2271 Tage
1210 2193 1588 2251 tradiderint.
1647 2193 1798 2267 (Csr.
1838 2192 1925 2250 Io.
1960 2193 2198 2266 Lydum
2240 2193 2309 2248 de

1006 2272 1276 2329 Ostentis
1316 2289 1451 2345 pag.
1499 2275 1579 2346 6.)
1620 2270 1691 2326 de
1732 2269 1938 2326 Divin.
1983 2278 2039 2334 2,
2085 2273 2179 2333 25,
2220 2274 2309 2326 50

1009 2376 1073 2388 -
1117 2346 1377 2402 Etrusco
1429 2348 1554 2401 ritu
1606 2345 1825 2420 oppida
1866 2342 2209 2400 condebant
2247 2345 2307 2399 in

1006 2424 1204 2481 Latio.
1285 2421 1484 2477 Vffl'm
1526 2419 1649 2477 DL·
1695 2427 1764 2488 5⁹
1809 2426 1904 2479 32·
1961 2440 2021 2494 Ρ·
2067 2420 2196 2477 11η·
2245 2448 2306 2458 '—
2334 2457 2527 2530 quit:
2589 2453 2902 2511 Chaldaeis
2960 2457 3021 2510 in
3062 2455 3477 2528 praedictione
3517 2466 3575 2512 et
3616 2458 3678 2511 in

2346 2532 2682 2587 ¹notatione
2721 2533 3009 2605 cuiusque
3050 2533 3206 2586 vitae
3246 2549 3321 2587 ex
3364 2531 3549 2588 natali
3584 2532 3679 2588 die

1007 2498 1157 2556 Cum
1218 2497 1489 2552 Etruscis
1562 2495 1781 2552 bellum
1849 2497 2034 2569 gessit
2094 2495 2313 2550 Decius

1004 2572 1188 2632 filius.
1247 2572 1493 2628 Tuscul.
1553 2580 1619 2636 1,
1665 2580 1771 2641 57,
1816 2578 1910 2630 89.
1956 2601 2030 2614 -
2067 2570 2311 2626 Etruria

1007 2660 1220 2706 vexata
1282 2668 1315 2702 a
1376 2647 1444 2703 P.
1506 2647 1738 2704 Clodio.
1842 2666 1911 2702 ro
1971 2645 2196 2704 Milone
2254 2650 2311 2710 9,

1006 2732 1102 2784 26.
1157 2754 1232 2768 —
1286 2723 1480 2780 Clodii
1536 2732 1734 2781 castra
1849 2733 2073 2778 trusca.

1007 2809 1101 2866 21,
1135 2807 1227 2859 55.
1273 2800 1348 2859 ad
1374 2798 1540 2855 Fam.
1574 2806 1664 2866 11,
1699 2808 1791 2866 10,
1823 2802 1880 2857 4.
1911 2827 1985 2840 —
2011 2816 2072 2853 v.
2104 2799 2313 2854 Tusci.

1083 2904 1337 2960 Euneon·
1417 2902 1676 2958 Thasius
1709 2946 1723 2969 ,
1800 2901 1872 2958 de
1946 2902 2313 2977 agricultura

1009 2981 1276 3054 scripsit.
1358 2978 1556 3035 Varro
1598 2977 1722 3034 RR.
1771 2988 1840 3044 1,
1888 2984 1955 3046 1,
2001 2984 2054 3037 8.

1083 3077 1396 3141 ΕὺΑΝοειι.
1454 3082 1605 3139 Vide
1647 3082 1960 3138 Ennoea.

1084 3187 1391 3253 Eunomrs,
1466 3184 1537 3242 de
1609 3204 1676 3241 re
1749 3187 1976 3241 rustica
2046 3186 2311 3260 scripsit.

1010 3262 1209 3320 Varro
1251 3262 1379 3318 BR.
1428 3275 1494 3331 1,
1542 3271 1606 3329 1,
1653 3267 1708 3318 9.

1085 3367 1434 3433 Eunomus,
1510 3383 1663 3421 unus
1782 3367 2068 3422 rimorum
2109 3348 2313 3421 ‘trium

1009 3442 1480 3506 Dioscurorum,
1538 3438 1696 3496 filius
1736 3384 1909 3496 ¹iovis
1964 3451 2023 3497 et
2060 3441 2313 3497 Proser-

1009 3520 1207 3592 pinae.
1268 3515 1338 3572 de
1367 3516 1505 3572 Nat.
1546 3515 1622 3571 D.
1668 3521 1738 3583 5,
1782 3523 1887 3586 21,
1917 3521 2009 3580 53.
2053 3547 2127 3561 -
2165 3516 2313 3572 Vide

1006 3596 1270 3648 ANActs.

1084 3685 1433 3741 anumnss
1469 3685 1822 3752 Gnosrnus,
1857 3684 2313 3760 Centuripinus,

1010 3762 1186 3818 homo
1228 3779 1363 3817 cum
1404 3764 1626 3817 virtute
1684 3771 1744 3816 et
1801 3760 2114 3817 nobilitate
2155 3761 2313 3816 domi

1010 3855 1187 3903 suae,
1264 3847 1390 3892 tum
1457 3838 1631 3891 etiam
1692 3838 1946 3910 pecunia
2005 3839 2310 3911 princeps,

1011 3931 1045 3967 a
1086 3911 1153 3968 C.
1200 3913 1392 3969 Verre
1452 3923 1724 3968 vexatus.
1790 3911 1978 3968 -Verr.
2024 3913 2311 3968 Accusat.

1009 3992 1065 4055 5,
1111 3995 1206 4056 25,
1254 3992 1346 4046 56.

1086 4081 1436 4138 Eunuums
1516 4079 1933 4149 Herbitensis,
2012 4101 2043 4137 a
2122 4081 2313 4139 Verre

1011 4169 1282 4214 vexatus.
1353 4157 1532 4215 Verr.
1589 4161 1870 4214 Accusat.
1913 4163 1982 4225 5,
2028 4162 2135 4226 42,
2181 4165 2310 4215 110.

1011 4232 1163 4289 Ibid.
1203 4237 1311 4298 49,
1362 4239 1489 4294 128.
1556 4244 1563 4251 '

1083 4328 1445 4395 Eucminu,
1500 4345 1656 4382 uxor
1697 4325 1999 4402 Exegisti,
2055 4327 2313 4383 hominis

1007 4403 1381 4460 Macedonis.
1433 4405 1494 4459 in
1541 4403 1826 4460 Pisonem
1872 4407 1975 4470 36,
2027 4409 2121 4463 89.

1082 4498 1412 4562 Euenum,
1457 4495 1726 4554 Socratis
1769 4494 2132 4570 discipulus,
2178 4496 2313 4552 Me-

1006 4592 1256 4647 gareus:
1301 4572 1374 4629 ab
1415 4591 1485 4628 eo
1514 4573 1800 4646 Megarici
1844 4579 1935 4639 (et
1974 4572 2313 4639 dialectici)

1005 4649 1345 4724 philosophi
1385 4647 1548 4704 dicti.
1628 4646 1839 4705 Solum
1877 4646 2100 4704 bonum
2141 4647 2306 4713 dicit,

1004 4726 1162 4800 quod
1225 4735 1383 4781 esset
1442 4742 1625 4780 unum
1679 4734 1739 4779 et
1796 4723 1989 4779 simile
2045 4733 2102 4778 et
2156 4722 2310 4779 idem

1002 4817 1261 4874 semper.
1345 4799 1535 4856 Acad.
1583 4808 1648 4866 2,
1693 4800 1788 4864 42,
1838 4805 1964 4857 129.

1077 4893 1380 4950 Ercmnss
1401 4936 1418 4962 ,
1464 4892 1679 4950 nobilis
1709 4901 2015 4964 geometra
2041 4891 2306 4948 Alexan-

1001 4967 1210 5023 drinus
1238 4970 1568 5027 Ptolemaei
1595 4969 1749 5046 Lagi
1786 4964 2183 5043 temporibus.
2233 4965 2305 5024 de

1003 5040 1113 5098 Or.
1158 5047 1212 5109 5,
1257 5049 1351 5114 55,
1397 5054 1527 5107 152.

1073 5135 1363 5194 Ειτυᾼιιιυε
1403 5148 1463 5195 et
1502 5139 1738 5204 Birria,
1783 5136 2024 5194 Milonis
2060 5134 2300 5215 gladia-

996 5220 1183 5266 tores.
1239 5213 1541 5272 Asconius
1581 5215 1644 5271 iu
1684 5213 1811 5271 Mil.
1852 5232 1914 5288 p.
1956 5219 2053 5276 55.

2325 836 2326 843 ’
2355 833 2516 888 liaris
2536 852 2551 899 ς

2158 2720 2311 2778 Ibid.
2341 2774 2342 2785 ,

1739 617 2128 684 EUAGON
2175 647 2259 660 ·-
2302 615 2909 682 EUHEMERUS.

2424 757 2714 813 Eum-‚mus
2758 756 3056 831 Cyprius,
3100 757 3450 816 Aristotelis
3489 760 3670 817 fami-

2629 834 2756 895 eius
2831 834 3133 888 somnium
3193 832 3269 890 ah
3335 836 3670 893 Aristotele

2355 919 2681 969 narratum,
2754 908 2826 963 de
2891 909 3097 964 Divin.
3167 921 3234 975 1,
3294 916 3402 977 25,
3460 917 3553 973 55.
3603 943 3664 952 -

2355 983 2711 1039 Aristoteles
2750 983 2985 1040 scilicet
3023 986 3085 1040 iu
3121 988 3344 1042 mortui
3371 987 3670 1044 honorem

2355 1059 2654 1133 dialogum
2670 1056 3213 1135 scripsitls'is'dnptoc
3226 1061 3266 1135 ἢ
3279 1059 3417 1137 περὶ
3439 1069 3676 1140 ψυχῆς.

2355 1137 2522 1190 cuius
2576 1136 2802 1190 mentio
2843 1145 2935 1191 est
2977 1133 3135 1208 apud
3174 1127 3569 1194 Plutarchum
3611 1149 3672 1194 et

2355 1211 2536 1274 alios,
2591 1228 2847 1285 quorum
2888 1211 3055 1266 locos
3097 1220 3265 1266 notat
3304 1212 3546 1270 Ionsius
3597 1214 3671 1268 de

2355 1288 2594 1360 scriptt.
2633 1285 2786 1341 Hist.
2830 1285 2976 1361 phil.
3024 1286 3091 1341 P.
3134 1295 3202 1353 1,
3255 1291 3359 1355 15,
3402 1294 3457 1377 5.
3518 1288 3671 1346 Eat«.

2432 1398 2715 1454 Euooxus
2745 1397 3017 1455 Cnidius.
3092 1397 3401 1474 Sphaerae
3444 1399 3674 1458 solidae

2360 1484 2533 1550 atque
2574 1473 2817 1549 plenae,
2856 1476 3046 1548 (quae
3083 1478 3415 1550 opponitur
3442 1491 3673 1533 vacuae

2360 1549 2768 1614 Archimedis)
2811 1560 2982 1605 vetus
3026 1560 3118 1605 est
3159 1554 3470 1607 inventum
3514 1564 3572 1608 et
3602 1571 3670 1608 ea

2363 1645 2395 1680 a
2423 1623 2673 1681 Thalete
2702 1625 2936 1681 Milesio
2977 1627 3235 1698 primum
3264 1637 3354 1682 est
3381 1636 3627 1683 tornata
3658 1649 3675 1694 ς

2365 1710 2500 1776 post
2541 1711 2736 1756 autem
2779 1698 2852 1756 ab
2894 1699 3147 1756 Eudoxo
3189 1700 3443 1770 Cnidio,
3492 1705 3677 1758 disci-

2326 1821 2327 1824 .
2365 1776 2505 1851 pulo
2544 1775 2849 1840 Platonis,
2906 1793 2973 1830 ea
3035 1779 3216 1831 astris
3257 1778 3427 1833 caelo
3468 1778 3680 1835 inbae-

2364 1848 2639 1907 rentibus
2698 1862 2791 1906 est
2831 1851 3164 1925 descripta:
3226 1853 3397 1907 cuius
3439 1871 3682 1910 omnem

2368 1938 2645 1983 ornatum
2721 1938 2781 1982 et
2848 1927 3312 2001 descriptionem
3378 1937 3679 2003 sumptam

2368 2001 2441 2059 ab
2472 2001 2725 2058 Eudoxo
2747 2044 2760 2068 ,
2807 2002 3006 2057 multis
3046 2003 3218 2058 annis
3247 2012 3387 2078 post
3410 2036 3445 2047 -
3472 2035 3508 2049 -
3536 2022 3679 2061 ver-

2370 2076 2535 2134 sibus
2576 2081 2801 2133 Aratus
2855 2078 3087 2147 extulit.
3153 2077 3225 2133 de
3266 2077 3416 2152 nep.
3466 2085 3533 2146 1,
3580 2084 3677 2146 ss,

2371 2162 2462 2211 22.
2513 2183 2574 2192 -
2620 2153 2943 2218 Eudoxus,
2989 2152 3258 2209 Platonis
3299 2154 3574 2220 auditor,
3619 2158 3683 2211 iu

2370 2227 2700 2305 astrologia
2754 2228 2979 2284 iudicio
3034 2228 3525 2285 doctissimorum
3563 2231 3683 2285 ho-

2371 2306 2594 2360 minum
2648 2302 2824 2360 facile
2864 2306 3183 2378 princeps,
3244 2304 3318 2360 de
3361 2304 3679 2361 Chaldaeis

2371 2383 2459 2435 sic
2500 2380 2782 2454 opinatur
2807 2421 2823 2447 ,
2892 2379 2950 2435 id
2993 2379 3152 2455 quod
3193 2382 3492 2454 scriptum
3533 2379 3681 2436 reli-

2372 2607 2611 2661 minime
2653 2624 2784 2661 esse
2824 2605 3207 2662 credendum.
3265 2606 3337 2663 de
3378 2607 3581 2664 Diviu.
3623 2615 3679 2675 2,

2375 2688 2466 2748 42,
2511 2685 2601 2740 87.
2903 2698 2908 2704 ’

2448 2793 2838 2850 Enaesimus.
2922 2793 3113 2866 Quid,
3173 2797 3275 2871 qui
3336 2806 3439 2852 aut
3489 2797 3677 2853 fortes

2375 2878 2432 2924 et
2491 2870 2686 2925 claros
2746 2881 2804 2925 et
2861 2878 3141 2944 potentes
3200 2871 3366 2926 viros
3434 2872 3679 2929 tradunt

2375 2956 2512 3020 post
2552 2955 2806 3012 mortem
2846 2944 2919 3001 ad
2960 2945 3102 3000 deos
3146 2949 3495 3020 pervenisse
3542 2967 3683 3003 eos-

2376 3039 2489 3096 que
2531 3038 2660 3076 esse
2701 3022 2898 3094 ipsos,
2956 3038 3105 3097 quos
3146 3021 3377 3087 colere,
3438 3027 3680 3098 precari

2377 3097 2772 3171 venerarique
2829 3096 3159 3162 soleamuS,
3220 3116 3419 3152 nonne
3462 3118 3684 3173 exper-

2374 3183 2462 3228 tes
2522 3183 2661 3227 sunt
2727 3171 3085 3246 religionum
3152 3177 3459 3229 omnium?
3530 3194 3680 3250 quae

2339 3248 2529 3303 ‘ratio
2589 3249 2844 3302 maxime
2901 3258 3152 3302 tractata
3212 3249 3286 3303 ah
3342 3249 3681 3306 Euhemero

2375 3334 2498 3389 est;
2555 3341 2726 3398 quem
2779 3333 2983 3378 noster
3042 3334 3101 3378 et
3146 3326 3576 3398 interpretatus
3623 3338 3682 3380 et

2373 3409 2612 3455 secutus
2670 3408 2762 3454 est
2819 3408 3061 3472 praeter
3124 3408 3360 3455 ceteros
3425 3402 3678 3457 Ennius.

2373 3472 2465 3530 Ab
2508 3473 2845 3529 Euhemero
2886 3484 3082 3529 autem
3120 3485 3180 3529 et
3220 3487 3443 3532 mortes
3486 3489 3545 3532 et
3582 3495 3681 3533 se-

2375 3551 2647 3625 pulturae
2667 3547 3160 3605 demonstrantur
3174 3549 3440 3606 deorum.
3463 3551 3679 3609 Utrum

2375 3626 2556 3699 igitur
2607 3626 2703 3681 hic
2756 3622 3148 3681 confirmasse
3189 3626 3547 3702 religionem
3585 3631 3679 3682 vi-

2375 3701 2583 3764 detur,
2651 3718 2726 3755 an
2788 3702 3023 3774 penitus
3086 3711 3270 3756 totam
3320 3703 3679 3758 sustulisse?

2374 3778 2444 3833 de
2487 3776 2623 3831 Nat.
2672 3776 2747 3831 D.
2795 3784 2859 3842 1,
2901 3777 3009 3842 41,
3056 3781 3182 3834 119.
3234 3806 3295 3816 —
3357 3777 3679 3834 Euhemeri

2374 3851 2511 3908 libri
2566 3852 2724 3906 versi
2781 3850 2854 3907 ah
2903 3851 3119 3907 Ennio.
3179 3852 3379 3909 Varro
3430 3853 3559 3909 ΒΗ.
3618 3863 3673 3918 1,

2374 3931 2468 3994 48,
2502 3935 2555 3983 2.
2596 3958 2671 3972 —
2713 3924 2838 3983 Cfr.
2872 3926 3225 3984 Columnam
3265 3927 3338 3988 ad
3367 3928 3673 4004 Fragmm.

2373 4003 2554 4059 Ennii
2610 4021 2670 4076 p.
2722 4006 2851 4060 512.
2909 4002 3021 4058 Ed.
3072 4005 3265 4059 Amst.
3343 4004 3678 4061 Historiam

2373 4079 2662 4153 (sacram)
2699 4077 2949 4134 deorum
2985 4080 3324 4152 composuit
3350 4099 3425 4135 ex
3454 4084 3676 4137 inscri-

2372 4151 2714 4229 ptionibuS,
2782 4173 2933 4230 quae
2979 4155 3040 4210 in
3086 4155 3323 4229 templis
3370 4154 3682 4212 habehan-

2374 4242 2470 4286 tur
2529 4229 2780 4305 aliisque
2844 4231 3035 4296 locis,
3113 4233 3176 4285 in
3240 4232 3452 4304 primis
3516 4233 3679 4288 Pan-

2370 4306 2575 4370 chaiae
2648 4304 2896 4371 Iudiac3
2962 4303 3183 4362 ficticia
3253 4316 3454 4363 tamen
3520 4307 3679 4364 haud

2371 4379 2569 4437 dubie.
2664 4380 2817 4436 Nam
2871 4400 3021 4458 quae
3081 4381 3385 4438 Diodorus
3442 4381 3562 4439 Sic.
3615 4389 3670 4441 5.

2370 4477 2429 4532 p.
2481 4461 2612 4517 518.
2678 4455 2751 4512 de
2801 4475 2868 4512 ea
2925 4456 3132 4523 habet,
3202 4477 3277 4513 ex
3336 4456 3675 4515 Euhemero

2369 4544 2601 4606 sumpta
2646 4543 2824 4601 sunt,
2872 4543 2938 4589 ut
2982 4531 3131 4589 bene
3180 4544 3386 4588 monet
3427 4533 3676 4590 Wesse-

2368 4609 2607 4683 lingius.
2692 4607 2779 4664 De
2839 4627 2908 4664 ea
2970 4625 3039 4664 re
3104 4620 3282 4665 notus
3350 4620 3441 4665 est
3505 4611 3675 4667 locus

2368 4683 2666 4739 Lactantii
2727 4691 2793 4751 1,
2853 4693 2943 4741 11.
3030 4681 3235 4749 ’Ἀθευς
3294 4684 3488 4741 dictus
3557 4696 3671 4752 est,

2366 4759 2548 4889 (huod,
2600 4770 2663 4814 ut
2708 4759 2894 4815 refert
2933 4758 3240 4816 Plutarch.
3314 4759 3385 4814 de
3426 4760 3569 4816 Isid.
3616 4773 3677 4817 ct

2330 4880 2331 4883 η
2423 4835 2593 4890 sirid.
2663 4853 2722 4910 p.
2792 4838 2947 4901 560„
3008 4835 3291 4901 deorum,
3346 4840 3673 4917 ‹1ui1›uta-

2363 4908 2617 4977 bantur,
2707 4913 2948 4966 uomina
3019 4913 3092 4966 ad
3156 4923 3393 4966 veteres
3457 4928 3669 4984 reges,

2362 4987 2792 5060 imperatores,
2838 4987 3175 5043 navarchos
3219 4985 3468 5043 rettulit.
3546 4986 3678 5043 Lo-

2362 5079 2465 5117 cos
2519 5073 2786 5119 veterum
2849 5062 3068 5117 multos
3134 5062 3205 5118 de
3276 5081 3347 5117 eo
3415 5062 3670 5119 attulere

2358 5136 2640 5194 Davisius
2703 5148 2762 5193 et
2821 5135 3118 5194 Buherius
3182 5137 3257 5194 ad
3319 5136 3449 5195 Cic.
3519 5137 3560 5194 l.
3623 5138 3667 5193 l.

2356 5211 2697 5273 Familiaris
2736 5212 2850 5270 fuit
2887 5214 3047 5288 regis
3083 5212 3444 5284 Cassandri,
3486 5225 3555 5270 ut
3592 5231 3668 5270 ex
