<?xml version="1.0" encoding="UTF-8"?>
<!DOCTYPE html PUBLIC "-//W3C//DTD XHTML 1.0 Transitional//EN"
    "http://www.w3.org/TR/xhtml1/DTD/xhtml1-transitional.dtd">
<html xmlns="http://www.w3.org/1999/xhtml" xml:lang="en" lang="en">
 <head>
  <title>
</title>
<meta http-equiv="Content-Type" content="text/html;charset=utf-8" />
  <meta name='ocr-system' content='tesseract 3.04.00' />
  <meta name='ocr-capabilities' content='ocr_page ocr_carea ocr_par ocr_line ocrx_word'/>
</head>
<body>
  <div class='ocr_page' id='page_1' title='image "./operaquaesupers01halmgoog/operaquaesupers01halmgoog_0340.png"; bbox 0 0 4367 6084; ppageno 0'>
   <div class='ocr_carea' id='block_1_1' title="bbox 888 640 1140 732">
    <p class='ocr_par' dir='ltr' id='par_1_1' title="bbox 888 640 1140 732">
     <span class='ocr_line' id='line_1_1' title="bbox 888 640 1140 732; baseline 0 -43"><span class='ocrx_word' id='word_1_1' title='bbox 888 685 892 689; x_wconf 86' lang='lat'>.</span> <span class='ocrx_word' id='word_1_2' title='bbox 1008 640 1140 732; x_wconf 65' lang='lat'>&lt;³³⁰</span> 
     </span>
    </p>
   </div>
   <div class='ocr_carea' id='block_1_2' title="bbox 904 775 2317 857">
    <p class='ocr_par' dir='ltr' id='par_1_2' title="bbox 904 775 2317 857">
     <span class='ocr_line' id='line_1_2' title="bbox 904 775 2317 857; baseline -0.002 -18"><span class='ocrx_word' id='word_1_3' title='bbox 904 818 911 839; x_wconf 94' lang='lat'>.-</span> <span class='ocrx_word' id='word_1_4' title='bbox 1011 786 1184 854; x_wconf 90' lang='lat' dir='ltr'>loco,</span> <span class='ocrx_word' id='word_1_5' title='bbox 1229 775 1539 843; x_wconf 78' lang='lat' dir='ltr'>succincta</span> <span class='ocrx_word' id='word_1_6' title='bbox 1566 778 1895 857; x_wconf 86' lang='lat' dir='ltr'>portubus,</span> <span class='ocrx_word' id='word_1_7' title='bbox 1937 790 2165 838; x_wconf 83' lang='lat' dir='ltr'>armata</span> <span class='ocrx_word' id='word_1_8' title='bbox 2191 798 2317 836; x_wconf 67' lang='lat' dir='ltr'>niu-</span> 
     </span>
    </p>
   </div>
   <div class='ocr_carea' id='block_1_3' title="bbox 1011 858 2317 924">
    <p class='ocr_par' dir='ltr' id='par_1_3' title="bbox 1011 858 2317 924">
     <span class='ocr_line' id='line_1_3' title="bbox 1011 858 2317 924; baseline -0.006 -4"><span class='ocrx_word' id='word_1_9' title='bbox 1011 865 1100 921; x_wconf 89' lang='lat' dir='ltr'>ris</span> <span class='ocrx_word' id='word_1_10' title='bbox 1159 877 1484 918; x_wconf 79' lang='lat' dir='ltr'>excurrere</span> <span class='ocrx_word' id='word_1_11' title='bbox 1548 876 1624 916; x_wconf 81' lang='lat' dir='ltr'>ex</span> <span class='ocrx_word' id='word_1_12' title='bbox 1689 858 1936 924; x_wconf 79' lang='lat' dir='ltr'>Africa,</span> <span class='ocrx_word' id='word_1_13' title='bbox 2003 858 2317 915; x_wconf 69' lang='lat' dir='ltr'>imminet-e</span> 
     </span>
    </p>
   </div>
   <div class='ocr_carea' id='block_1_4' title="bbox 1009 932 2353 1003">
    <p class='ocr_par' dir='ltr' id='par_1_4' title="bbox 1009 932 2353 1003">
     <span class='ocr_line' id='line_1_4' title="bbox 1009 932 2353 1003; baseline -0.006 -8"><span class='ocrx_word' id='word_1_14' title='bbox 1009 938 1251 1003; x_wconf 86' lang='lat' dir='ltr'>Italiae,</span> <span class='ocrx_word' id='word_1_15' title='bbox 1301 933 1571 992; x_wconf 82' lang='lat' dir='ltr'>minitari</span> <span class='ocrx_word' id='word_1_16' title='bbox 1608 932 2110 990; x_wconf 71' lang='lat' dir='ltr'><strong>fructuosissimis</strong></span> <span class='ocrx_word' id='word_1_17' title='bbox 2149 934 2317 989; x_wconf 74' lang='lat' dir='ltr'>insn-</span> <span class='ocrx_word' id='word_1_18' title='bbox 2352 937 2353 959; x_wconf 67' lang='lat'>¹</span> 
     </span>
    </p>
   </div>
   <div class='ocr_carea' id='block_1_5' title="bbox 930 1006 2321 2435">
    <p class='ocr_par' dir='ltr' id='par_1_5' title="bbox 930 1006 2321 2367">
     <span class='ocr_line' id='line_1_5' title="bbox 1010 1006 2317 1097; baseline -0.005 -27"><span class='ocrx_word' id='word_1_19' title='bbox 1010 1014 1087 1070; x_wconf 90' lang='lat' dir='ltr'>lis</span> <span class='ocrx_word' id='word_1_20' title='bbox 1125 1011 1333 1089; x_wconf 85' lang='lat' dir='ltr'>populi</span> <span class='ocrx_word' id='word_1_21' title='bbox 1375 1009 1630 1068; x_wconf 80' lang='lat' dir='ltr'>Romani</span> <span class='ocrx_word' id='word_1_22' title='bbox 1668 1006 2003 1066; x_wconf 77' lang='lat' dir='ltr'>videbatur.</span> <span class='ocrx_word' id='word_1_23' title='bbox 2075 1006 2156 1097; x_wconf 69' lang='lat' dir='ltr'>de</span> <span class='ocrx_word' id='word_1_24' title='bbox 2190 1007 2317 1072; x_wconf 59' lang='lat' dir='ltr'>leae</span> 
     </span>
     <span class='ocr_line' id='line_1_6' title="bbox 1008 1083 2317 1247; baseline -0.012 -26"><span class='ocrx_word' id='word_1_25' title='bbox 1008 1092 1369 1222; x_wconf 52' lang='lat' dir='ltr'>3535:ssss</span> <span class='ocrx_word' id='word_1_26' title='bbox 1401 1092 1515 1217; x_wconf 60' lang='grc' dir='ltr'><strong>ἓξ..</strong></span> <span class='ocrx_word' id='word_1_27' title='bbox 1537 1113 1616 1247; x_wconf 58' lang='grc' dir='ltr'>’ἐξ</span> <span class='ocrx_word' id='word_1_28' title='bbox 1638 1083 2317 1234; x_wconf 52' lang='grc' dir='ltr'>ἕὲὶὶὶᾷἳὶέῗὲξῗὲὲῖ</span> 
     </span>
     <span class='ocr_line' id='line_1_7' title="bbox 1009 1233 2317 1312; baseline -0.005 -15"><span class='ocrx_word' id='word_1_29' title='bbox 1009 1240 1279 1297; x_wconf 70' lang='lat' dir='ltr'>rffithnm</span> <span class='ocrx_word' id='word_1_30' title='bbox 1350 1245 1649 1311; x_wconf 79' lang='lat' dir='ltr'>pervertit</span> <span class='ocrx_word' id='word_1_31' title='bbox 1716 1233 2074 1312; x_wconf 85' lang='lat' dir='ltr'>aliquando,</span> <span class='ocrx_word' id='word_1_32' title='bbox 2142 1253 2317 1311; x_wconf 75' lang='lat' dir='ltr'>quam</span> 
     </span>
     <span class='ocr_line' id='line_1_8' title="bbox 1008 1308 2317 1387; baseline -0.004 -15"><span class='ocrx_word' id='word_1_33' title='bbox 1008 1332 1189 1372; x_wconf 85' lang='lat' dir='ltr'>error</span> <span class='ocrx_word' id='word_1_34' title='bbox 1225 1330 1299 1370; x_wconf 90' lang='lat' dir='ltr'>ac</span> <span class='ocrx_word' id='word_1_35' title='bbox 1323 1311 1639 1387; x_wconf 73' lang='lat' dir='ltr'>dissipatio</span> <span class='ocrx_word' id='word_1_36' title='bbox 1666 1308 1890 1368; x_wconf 79' lang='lat' dir='ltr'>civium</span> <span class='ocrx_word' id='word_1_37' title='bbox 1909 1353 1925 1376; x_wconf 88' lang='lat'><strong>,</strong></span> <span class='ocrx_word' id='word_1_38' title='bbox 1970 1309 2128 1387; x_wconf 80' lang='lat' dir='ltr'>quod</span> <span class='ocrx_word' id='word_1_39' title='bbox 2160 1329 2317 1367; x_wconf 67' lang='lat' dir='ltr'>mer-</span> 
     </span>
     <span class='ocr_line' id='line_1_9' title="bbox 1008 1385 2317 1464; baseline -0.006 -17"><span class='ocrx_word' id='word_1_40' title='bbox 1008 1389 1190 1447; x_wconf 87' lang='lat' dir='ltr'>candi</span> <span class='ocrx_word' id='word_1_41' title='bbox 1229 1385 1555 1463; x_wconf 87' lang='lat' dir='ltr'>cupiditate</span> <span class='ocrx_word' id='word_1_42' title='bbox 1594 1397 1658 1443; x_wconf 90' lang='lat' dir='ltr'>et</span> <span class='ocrx_word' id='word_1_43' title='bbox 1693 1385 2022 1464; x_wconf 79' lang='lat' dir='ltr'>navigandi</span> <span class='ocrx_word' id='word_1_44' title='bbox 2049 1397 2108 1443; x_wconf 88' lang='lat' dir='ltr'>et</span> <span class='ocrx_word' id='word_1_45' title='bbox 2133 1405 2317 1460; x_wconf 65' lang='lat' dir='ltr'>agi-n-</span> 
     </span>
     <span class='ocr_line' id='line_1_10' title="bbox 1010 1461 2313 1531; baseline -0.005 -8"><span class='ocrx_word' id='word_1_46' title='bbox 1010 1483 1144 1524; x_wconf 86' lang='lat' dir='ltr'>rum</span> <span class='ocrx_word' id='word_1_47' title='bbox 1197 1474 1258 1521; x_wconf 90' lang='lat' dir='ltr'>et</span> <span class='ocrx_word' id='word_1_48' title='bbox 1312 1479 1618 1531; x_wconf 86' lang='lat' dir='ltr'>armornm</span> <span class='ocrx_word' id='word_1_49' title='bbox 1659 1462 1880 1520; x_wconf 80' lang='lat' dir='ltr'>cultam</span> <span class='ocrx_word' id='word_1_50' title='bbox 1919 1461 2030 1518; x_wconf 88' lang='lat' dir='ltr'>reli</span> <span class='ocrx_word' id='word_1_51' title='bbox 2078 1475 2313 1520; x_wconf 70' lang='lat' dir='ltr'>nerant„</span> 
     </span>
     <span class='ocr_line' id='line_1_11' title="bbox 1010 1536 2317 1615; baseline -0.005 -17"><span class='ocrx_word' id='word_1_52' title='bbox 1010 1541 1086 1598; x_wconf 85' lang='lat' dir='ltr'>de</span> <span class='ocrx_word' id='word_1_53' title='bbox 1115 1541 1263 1615; x_wconf 75' lang='lat' dir='ltr'>nep.</span> <span class='ocrx_word' id='word_1_54' title='bbox 1298 1548 1355 1603; x_wconf 84' lang='lat'>2.</span> <span class='ocrx_word' id='word_1_55' title='bbox 1382 1539 1443 1606; x_wconf 70' lang='lat'>4.</span> <span class='ocrx_word' id='word_1_56' title='bbox 1489 1547 1543 1599; x_wconf 91' lang='grc'>7.</span> <span class='ocrx_word' id='word_1_57' title='bbox 1592 1566 1655 1579; x_wconf 92' lang='lat'>—-</span> <span class='ocrx_word' id='word_1_58' title='bbox 1700 1537 2008 1614; x_wconf 81' lang='lat' dir='ltr'>Karthago</span> <span class='ocrx_word' id='word_1_59' title='bbox 2096 1536 2317 1593; x_wconf 74' lang='lat' dir='ltr'>asdru-</span> 
     </span>
     <span class='ocr_line' id='line_1_12' title="bbox 1008 1613 2313 1687; baseline -0.005 -13"><span class='ocrx_word' id='word_1_60' title='bbox 1008 1614 1166 1675; x_wconf 77' lang='lat' dir='ltr'>balis</span> <span class='ocrx_word' id='word_1_61' title='bbox 1204 1615 1377 1687; x_wconf 87' lang='lat' dir='ltr'>culpa</span> <span class='ocrx_word' id='word_1_62' title='bbox 1419 1632 1652 1671; x_wconf 78' lang='lat' dir='ltr'>eversa.</span> <span class='ocrx_word' id='word_1_63' title='bbox 1705 1613 1779 1670; x_wconf 92' lang='lat' dir='ltr'>de</span> <span class='ocrx_word' id='word_1_64' title='bbox 1819 1613 1957 1670; x_wconf 87' lang='lat' dir='ltr'>Nat.</span> <span class='ocrx_word' id='word_1_65' title='bbox 2002 1613 2076 1669; x_wconf 90' lang='lat' dir='ltr'>D.</span> <span class='ocrx_word' id='word_1_66' title='bbox 2115 1618 2174 1679; x_wconf 77' lang='grc' dir='ltr'>δ.</span> <span class='ocrx_word' id='word_1_67' title='bbox 2220 1620 2313 1676; x_wconf 72' lang='grc' dir='ltr'>ΞΕ,</span> 
     </span>
     <span class='ocr_line' id='line_1_13' title="bbox 1008 1688 2313 1765; baseline -0.006 -16"><span class='ocrx_word' id='word_1_68' title='bbox 1008 1696 1107 1763; x_wconf 69' lang='grc'>91.</span> <span class='ocrx_word' id='word_1_69' title='bbox 1166 1720 1239 1737; x_wconf 83' lang='grc'>-</span> <span class='ocrx_word' id='word_1_70' title='bbox 1292 1689 1601 1765; x_wconf 80' lang='lat' dir='ltr'>Karthago</span> <span class='ocrx_word' id='word_1_71' title='bbox 1660 1688 1851 1746; x_wconf 86' lang='lat' dir='ltr'>deleta</span> <span class='ocrx_word' id='word_1_72' title='bbox 1910 1708 1944 1745; x_wconf 88' lang='lat' dir='ltr'>a</span> <span class='ocrx_word' id='word_1_73' title='bbox 2005 1688 2313 1765; x_wconf 77' lang='lat' dir='ltr'>Scipione.</span> 
     </span>
     <span class='ocr_line' id='line_1_14' title="bbox 1010 1762 2317 1833; baseline -0.004 -8"><span class='ocrx_word' id='word_1_74' title='bbox 1010 1766 1162 1825; x_wconf 79' lang='lat' dir='ltr'>Her.</span> <span class='ocrx_word' id='word_1_75' title='bbox 1202 1769 1264 1832; x_wconf 66' lang='lat'><strong>4,</strong></span> <span class='ocrx_word' id='word_1_76' title='bbox 1312 1770 1401 1830; x_wconf 88' lang='grc'>15,</span> <span class='ocrx_word' id='word_1_77' title='bbox 1449 1771 1542 1824; x_wconf 90' lang='grc'>19.</span> <span class='ocrx_word' id='word_1_78' title='bbox 1599 1762 1754 1822; x_wconf 83' lang='lat' dir='ltr'>Ibid.</span> <span class='ocrx_word' id='word_1_79' title='bbox 1798 1769 1892 1833; x_wconf 77' lang='lat'><strong>53,</strong></span> <span class='ocrx_word' id='word_1_80' title='bbox 1936 1767 2032 1825; x_wconf 67' lang='lat'>115.</span> <span class='ocrx_word' id='word_1_81' title='bbox 2072 1794 2150 1808; x_wconf 90' lang='lat'><strong>—</strong></span> <span class='ocrx_word' id='word_1_82' title='bbox 2186 1764 2317 1821; x_wconf 65' lang='lat' dir='ltr'>nu-</span> 
     </span>
     <span class='ocr_line' id='line_1_15' title="bbox 1008 1837 2317 1907; baseline -0.003 -7"><span class='ocrx_word' id='word_1_83' title='bbox 1008 1843 1087 1900; x_wconf 85' lang='lat' dir='ltr'>lis</span> <span class='ocrx_word' id='word_1_84' title='bbox 1140 1840 1458 1898; x_wconf 84' lang='lat' dir='ltr'>malitiosa.</span> <span class='ocrx_word' id='word_1_85' title='bbox 1529 1837 1682 1897; x_wconf 88' lang='lat' dir='ltr'>Ibid.</span> <span class='ocrx_word' id='word_1_86' title='bbox 1739 1844 1848 1907; x_wconf 81' lang='lat'><strong>53,</strong></span> <span class='ocrx_word' id='word_1_87' title='bbox 1909 1846 2004 1899; x_wconf 84' lang='lat'>66.</span> <span class='ocrx_word' id='word_1_88' title='bbox 2046 1869 2123 1894; x_wconf 83' lang='lat'>-.-</span> <span class='ocrx_word' id='word_1_89' title='bbox 2158 1840 2317 1896; x_wconf 68' lang='lat' dir='ltr'>Kar-</span> 
     </span>
     <span class='ocr_line' id='line_1_16' title="bbox 1010 1915 2317 1995; baseline -0.005 -20"><span class='ocrx_word' id='word_1_90' title='bbox 1010 1919 1195 1995; x_wconf 75' lang='lat' dir='ltr'>thago</span> <span class='ocrx_word' id='word_1_91' title='bbox 1265 1923 1443 1991; x_wconf 83' lang='lat' dir='ltr'>atque</span> <span class='ocrx_word' id='word_1_92' title='bbox 1498 1915 1852 1983; x_wconf 74' lang='lat' dir='ltr'>Numantia,</span> <span class='ocrx_word' id='word_1_93' title='bbox 1923 1915 2073 1973; x_wconf 87' lang='lat' dir='ltr'>dnae</span> <span class='ocrx_word' id='word_1_94' title='bbox 2135 1916 2317 1972; x_wconf 69' lang='lat' dir='ltr'>urbes</span> 
     </span>
     <span class='ocr_line' id='line_1_17' title="bbox 1010 1992 2321 2070; baseline -0.003 -20"><span class='ocrx_word' id='word_1_95' title='bbox 1010 1992 1496 2070; x_wconf 84' lang='lat' dir='ltr'>potentissimae,</span> <span class='ocrx_word' id='word_1_96' title='bbox 1541 2009 1694 2067; x_wconf 83' lang='lat' dir='ltr'>quae</span> <span class='ocrx_word' id='word_1_97' title='bbox 1732 1992 1872 2048; x_wconf 93' lang='lat' dir='ltr'>hnic</span> <span class='ocrx_word' id='word_1_98' title='bbox 1911 1992 2165 2067; x_wconf 88' lang='lat' dir='ltr'>imperio</span> <span class='ocrx_word' id='word_1_99' title='bbox 2191 2010 2321 2048; x_wconf 61' lang='lat' dir='ltr'>aaa*</span> 
     </span>
     <span class='ocr_line' id='line_1_18' title="bbox 1010 2064 2318 2142; baseline -0.005 -15"><span class='ocrx_word' id='word_1_100' title='bbox 1010 2071 1173 2127; x_wconf 86' lang='lat' dir='ltr'>xime</span> <span class='ocrx_word' id='word_1_101' title='bbox 1224 2064 1694 2134; x_wconf 73' lang='lat' dir='ltr'>minitabantur,</span> <span class='ocrx_word' id='word_1_102' title='bbox 1751 2086 1786 2123; x_wconf 86' lang='lat' dir='ltr'>a</span> <span class='ocrx_word' id='word_1_103' title='bbox 1826 2065 2115 2142; x_wconf 79' lang='lat' dir='ltr'>Scipione</span> <span class='ocrx_word' id='word_1_104' title='bbox 2156 2066 2318 2124; x_wconf 67' lang='lat' dir='ltr'>dele-</span> 
     </span>
     <span class='ocr_line' id='line_1_19' title="bbox 1008 2141 2317 2221; baseline -0.005 -19"><span class='ocrx_word' id='word_1_105' title='bbox 1008 2152 1128 2202; x_wconf 82' lang='lat' dir='ltr'>tae.</span> <span class='ocrx_word' id='word_1_106' title='bbox 1181 2160 1295 2221; x_wconf 88' lang='lat' dir='ltr'>pro</span> <span class='ocrx_word' id='word_1_107' title='bbox 1333 2141 1462 2218; x_wconf 80' lang='lat' dir='ltr'>lege</span> <span class='ocrx_word' id='word_1_108' title='bbox 1489 2142 1739 2200; x_wconf 85' lang='lat' dir='ltr'>Manilia</span> <span class='ocrx_word' id='word_1_109' title='bbox 1778 2148 1870 2201; x_wconf 91' lang='grc'>20.</span> <span class='ocrx_word' id='word_1_110' title='bbox 1909 2146 2005 2202; x_wconf 88' lang='grc'>60.</span> <span class='ocrx_word' id='word_1_111' title='bbox 2053 2170 2117 2184; x_wconf 89' lang='grc'>-</span> <span class='ocrx_word' id='word_1_112' title='bbox 2159 2141 2317 2199; x_wconf 51' lang='lat' dir='ltr'>Ram</span> 
     </span>
     <span class='ocr_line' id='line_1_20' title="bbox 1008 2216 2317 2293; baseline -0.002 -15"><span class='ocrx_word' id='word_1_113' title='bbox 1008 2218 1318 2293; x_wconf 72' lang='lat' dir='ltr'>thaginem</span> <span class='ocrx_word' id='word_1_114' title='bbox 1342 2229 1403 2274; x_wconf 93' lang='lat' dir='ltr'>et</span> <span class='ocrx_word' id='word_1_115' title='bbox 1422 2216 1805 2275; x_wconf 71' lang='lat' dir='ltr'>Numantiam</span> <span class='ocrx_word' id='word_1_116' title='bbox 1833 2219 2094 2275; x_wconf 87' lang='lat' dir='ltr'>maiores</span> <span class='ocrx_word' id='word_1_117' title='bbox 2123 2220 2317 2276; x_wconf 71' lang='lat' dir='ltr'>nostr-i</span> 
     </span>
     <span class='ocr_line' id='line_1_21' title="bbox 930 2293 2319 2367; baseline -0.004 -14"><span class='ocrx_word' id='word_1_118' title='bbox 930 2362 935 2367; x_wconf 26' lang='lat'><strong><em>¹</em></strong></span> <span class='ocrx_word' id='word_1_119' title='bbox 1011 2293 1280 2354; x_wconf 76' lang='lat' dir='ltr'>funditus</span> <span class='ocrx_word' id='word_1_120' title='bbox 1343 2293 1752 2361; x_wconf 77' lang='lat' dir='ltr'>sustulerunt3</span> <span class='ocrx_word' id='word_1_121' title='bbox 1818 2293 2044 2351; x_wconf 85' lang='lat' dir='ltr'>nollem</span> <span class='ocrx_word' id='word_1_122' title='bbox 2083 2293 2319 2351; x_wconf 78' lang='lat' dir='ltr'>Corin-</span> 
     </span>
    </p>

    <p class='ocr_par' dir='ltr' id='par_1_6' title="bbox 1009 2367 2321 2435">
     <span class='ocr_line' id='line_1_22' title="bbox 1009 2367 2321 2435; baseline -0.004 -6"><span class='ocrx_word' id='word_1_123' title='bbox 1009 2371 1200 2429; x_wconf 87' lang='lat' dir='ltr'>thum.</span> <span class='ocrx_word' id='word_1_124' title='bbox 1259 2368 1331 2426; x_wconf 88' lang='lat' dir='ltr'>de</span> <span class='ocrx_word' id='word_1_125' title='bbox 1372 2367 1494 2426; x_wconf 83' lang='lat' dir='ltr'>Off.</span> <span class='ocrx_word' id='word_1_126' title='bbox 1539 2379 1604 2430; x_wconf 97' lang='grc'>1.</span> <span class='ocrx_word' id='word_1_127' title='bbox 1650 2375 1758 2435; x_wconf 85' lang='grc'>11,</span> <span class='ocrx_word' id='word_1_128' title='bbox 1803 2373 1901 2429; x_wconf 81' lang='grc'>55.</span> <span class='ocrx_word' id='word_1_129' title='bbox 1947 2396 2016 2412; x_wconf 88' lang='lat'><em>—</em></span> <span class='ocrx_word' id='word_1_130' title='bbox 2056 2368 2321 2426; x_wconf 70' lang='lat' dir='ltr'>Kartha-</span> 
     </span>
    </p>
   </div>
   <div class='ocr_carea' id='block_1_6' title="bbox 1012 2443 2347 2522">
    <p class='ocr_par' dir='ltr' id='par_1_7' title="bbox 1012 2443 2347 2522">
     <span class='ocr_line' id='line_1_23' title="bbox 1012 2443 2347 2522; baseline 0.002 -19"><span class='ocrx_word' id='word_1_131' title='bbox 1012 2448 1211 2522; x_wconf 71' lang='lat' dir='ltr'>ginem</span> <span class='ocrx_word' id='word_1_132' title='bbox 1241 2445 1309 2503; x_wconf 88' lang='lat' dir='ltr'>P.</span> <span class='ocrx_word' id='word_1_133' title='bbox 1337 2445 1667 2502; x_wconf 76' lang='lat' dir='ltr'>Africanus</span> <span class='ocrx_word' id='word_1_134' title='bbox 1710 2443 1991 2501; x_wconf 84' lang='lat' dir='ltr'>nudatam</span> <span class='ocrx_word' id='word_1_135' title='bbox 2031 2447 2210 2502; x_wconf 84' lang='lat' dir='ltr'>tectis</span> <span class='ocrx_word' id='word_1_136' title='bbox 2252 2464 2347 2506; x_wconf 62' lang='lat' dir='ltr'>ac,</span> 
     </span>
    </p>
   </div>
   <div class='ocr_carea' id='block_1_7' title="bbox 996 2518 2325 3426">
    <p class='ocr_par' dir='ltr' id='par_1_8' title="bbox 996 2518 2325 3426">
     <span class='ocr_line' id='line_1_24' title="bbox 1010 2518 2325 2585; baseline -0.004 -7"><span class='ocrx_word' id='word_1_137' title='bbox 1010 2518 1362 2585; x_wconf 87' lang='lat' dir='ltr'>moenibus,</span> <span class='ocrx_word' id='word_1_138' title='bbox 1405 2521 1534 2576; x_wconf 82' lang='lat' dir='ltr'>sive</span> <span class='ocrx_word' id='word_1_139' title='bbox 1575 2519 1649 2576; x_wconf 89' lang='lat' dir='ltr'>ad</span> <span class='ocrx_word' id='word_1_140' title='bbox 1690 2519 2017 2577; x_wconf 84' lang='lat' dir='ltr'>notandam</span> <span class='ocrx_word' id='word_1_141' title='bbox 2055 2519 2325 2577; x_wconf 77' lang='lat' dir='ltr'>Kartha-</span> 
     </span>
     <span class='ocr_line' id='line_1_25' title="bbox 1013 2594 2321 2671; baseline -0.002 -17"><span class='ocrx_word' id='word_1_142' title='bbox 1013 2599 1376 2671; x_wconf 77' lang='lat' dir='ltr'>giniensium</span> <span class='ocrx_word' id='word_1_143' title='bbox 1433 2594 1831 2653; x_wconf 86' lang='lat' dir='ltr'>calamitatem</span> <span class='ocrx_word' id='word_1_144' title='bbox 1868 2598 1997 2653; x_wconf 80' lang='lat' dir='ltr'>sive</span> <span class='ocrx_word' id='word_1_145' title='bbox 2035 2595 2111 2652; x_wconf 87' lang='lat' dir='ltr'>ad</span> <span class='ocrx_word' id='word_1_146' title='bbox 2148 2600 2321 2652; x_wconf 76' lang='lat' dir='ltr'>testi-</span> 
     </span>
     <span class='ocr_line' id='line_1_26' title="bbox 1012 2670 2321 2731; baseline -0.002 -1"><span class='ocrx_word' id='word_1_147' title='bbox 1012 2670 1311 2731; x_wconf 82' lang='lat' dir='ltr'>ficandam</span> <span class='ocrx_word' id='word_1_148' title='bbox 1369 2679 1640 2728; x_wconf 85' lang='lat' dir='ltr'>nostram</span> <span class='ocrx_word' id='word_1_149' title='bbox 1696 2673 2016 2728; x_wconf 78' lang='lat' dir='ltr'>victoriam</span> <span class='ocrx_word' id='word_1_150' title='bbox 2074 2673 2204 2729; x_wconf 82' lang='lat' dir='ltr'>sive</span> <span class='ocrx_word' id='word_1_151' title='bbox 2244 2670 2321 2728; x_wconf 78' lang='lat' dir='ltr'>nh</span> 
     </span>
     <span class='ocr_line' id='line_1_27' title="bbox 1011 2745 2325 2824; baseline -0.002 -18"><span class='ocrx_word' id='word_1_152' title='bbox 1011 2746 1274 2807; x_wconf 85' lang='lat' dir='ltr'>oblatam</span> <span class='ocrx_word' id='word_1_153' title='bbox 1314 2747 1575 2824; x_wconf 86' lang='lat' dir='ltr'>aliquam</span> <span class='ocrx_word' id='word_1_154' title='bbox 1612 2747 1966 2823; x_wconf 74' lang='lat' dir='ltr'>religionem</span> <span class='ocrx_word' id='word_1_155' title='bbox 2008 2745 2083 2803; x_wconf 87' lang='lat' dir='ltr'>ad</span> <span class='ocrx_word' id='word_1_156' title='bbox 2125 2755 2325 2804; x_wconf 76' lang='lat' dir='ltr'>aeter-</span> 
     </span>
     <span class='ocr_line' id='line_1_28' title="bbox 1014 2825 2321 2882; baseline -0.004 -1"><span class='ocrx_word' id='word_1_157' title='bbox 1014 2842 1155 2881; x_wconf 88' lang='lat' dir='ltr'>nam</span> <span class='ocrx_word' id='word_1_158' title='bbox 1195 2825 1502 2881; x_wconf 86' lang='lat' dir='ltr'>hominum</span> <span class='ocrx_word' id='word_1_159' title='bbox 1540 2825 1891 2879; x_wconf 75' lang='lat' dir='ltr'>memoriam</span> <span class='ocrx_word' id='word_1_160' title='bbox 1918 2828 2321 2882; x_wconf 62' lang='lat' dir='ltr'>consecravit.</span> 
     </span>
     <span class='ocr_line' id='line_1_29' title="bbox 1014 2896 2317 2976; baseline -0.002 -21"><span class='ocrx_word' id='word_1_161' title='bbox 1014 2898 1088 2956; x_wconf 89' lang='lat' dir='ltr'>de</span> <span class='ocrx_word' id='word_1_162' title='bbox 1124 2899 1256 2976; x_wconf 87' lang='lat' dir='ltr'>lege</span> <span class='ocrx_word' id='word_1_163' title='bbox 1296 2917 1427 2975; x_wconf 84' lang='lat' dir='ltr'>agr.</span> <span class='ocrx_word' id='word_1_164' title='bbox 1472 2907 1540 2959; x_wconf 83' lang='lat'>1.</span> <span class='ocrx_word' id='word_1_165' title='bbox 1584 2906 1651 2963; x_wconf 85' lang='grc'>2,</span> <span class='ocrx_word' id='word_1_166' title='bbox 1699 2903 1754 2956; x_wconf 89' lang='grc'>5.</span> <span class='ocrx_word' id='word_1_167' title='bbox 1797 2928 1871 2942; x_wconf 92' lang='lat'>-</span> <span class='ocrx_word' id='word_1_168' title='bbox 1908 2896 2062 2955; x_wconf 84' lang='lat' dir='ltr'>Ibid.</span> <span class='ocrx_word' id='word_1_169' title='bbox 2106 2906 2177 2965; x_wconf 82' lang='grc'>2,</span> <span class='ocrx_word' id='word_1_170' title='bbox 2224 2904 2317 2960; x_wconf 69' lang='lat'><strong>1:²1,</strong></span> 
     </span>
     <span class='ocr_line' id='line_1_30' title="bbox 1012 2972 2321 3049; baseline -0.002 -18"><span class='ocrx_word' id='word_1_171' title='bbox 1012 2979 1109 3036; x_wconf 81' lang='grc'>51.</span> <span class='ocrx_word' id='word_1_172' title='bbox 1151 3001 1221 3017; x_wconf 92' lang='grc'>-</span> <span class='ocrx_word' id='word_1_173' title='bbox 1261 2974 1489 3030; x_wconf 82' lang='lat' dir='ltr'>Eversa</span> <span class='ocrx_word' id='word_1_174' title='bbox 1517 2973 1888 3049; x_wconf 74' lang='lat' dir='ltr'>Karthagine</span> <span class='ocrx_word' id='word_1_175' title='bbox 1916 2972 2321 3031; x_wconf 76' lang='lat' dir='ltr'>Clitomachus</span> 
     </span>
     <span class='ocr_line' id='line_1_31' title="bbox 1010 3047 2323 3107; baseline -0.002 0"><span class='ocrx_word' id='word_1_176' title='bbox 1010 3049 1234 3107; x_wconf 88' lang='lat' dir='ltr'>librum</span> <span class='ocrx_word' id='word_1_177' title='bbox 1277 3053 1441 3106; x_wconf 87' lang='lat' dir='ltr'>misit</span> <span class='ocrx_word' id='word_1_178' title='bbox 1480 3047 1836 3106; x_wconf 91' lang='lat' dir='ltr'>consolandi</span> <span class='ocrx_word' id='word_1_179' title='bbox 1878 3064 2056 3106; x_wconf 87' lang='lat' dir='ltr'>causa</span> <span class='ocrx_word' id='word_1_180' title='bbox 2098 3048 2174 3106; x_wconf 88' lang='lat' dir='ltr'>ad</span> <span class='ocrx_word' id='word_1_181' title='bbox 2216 3068 2323 3104; x_wconf 69' lang='lat' dir='ltr'>ca-</span> 
     </span>
     <span class='ocr_line' id='line_1_32' title="bbox 1011 3124 2317 3201; baseline -0.002 -18"><span class='ocrx_word' id='word_1_182' title='bbox 1011 3129 1214 3201; x_wconf 72' lang='lat' dir='ltr'>ptivos</span> <span class='ocrx_word' id='word_1_183' title='bbox 1255 3127 1416 3181; x_wconf 83' lang='lat' dir='ltr'>cives</span> <span class='ocrx_word' id='word_1_184' title='bbox 1460 3143 1624 3182; x_wconf 77' lang='lat' dir='ltr'>suos,</span> <span class='ocrx_word' id='word_1_185' title='bbox 1696 3124 1939 3180; x_wconf 88' lang='lat' dir='ltr'>Tuscul.</span> <span class='ocrx_word' id='word_1_186' title='bbox 1983 3128 2038 3190; x_wconf 82' lang='lat'><strong>5,</strong></span> <span class='ocrx_word' id='word_1_187' title='bbox 2080 3133 2176 3191; x_wconf 89' lang='grc'>22,</span> <span class='ocrx_word' id='word_1_188' title='bbox 2224 3130 2317 3184; x_wconf 64' lang='grc' dir='ltr'><strong>ἔι-Τῐ.</strong></span> 
     </span>
     <span class='ocr_line' id='line_1_33' title="bbox 1019 3198 2321 3276; baseline -0.002 -17"><span class='ocrx_word' id='word_1_189' title='bbox 1019 3230 1081 3242; x_wconf 96' lang='grc'>-</span> <span class='ocrx_word' id='word_1_190' title='bbox 1126 3198 1243 3259; x_wconf 88' lang='lat' dir='ltr'>Ubi</span> <span class='ocrx_word' id='word_1_191' title='bbox 1282 3200 1590 3274; x_wconf 77' lang='lat' dir='ltr'>Karthago</span> <span class='ocrx_word' id='word_1_192' title='bbox 1647 3200 1877 3256; x_wconf 87' lang='lat' dir='ltr'>aemula</span> <span class='ocrx_word' id='word_1_193' title='bbox 1916 3201 2154 3276; x_wconf 87' lang='lat' dir='ltr'>imperii</span> <span class='ocrx_word' id='word_1_194' title='bbox 2194 3199 2321 3256; x_wconf 77' lang='lat' dir='ltr'>Hu-</span> 
     </span>
     <span class='ocr_line' id='line_1_34' title="bbox 1012 3273 2321 3349; baseline -0.002 -16"><span class='ocrx_word' id='word_1_195' title='bbox 1012 3278 1176 3333; x_wconf 85' lang='lat' dir='ltr'>mani</span> <span class='ocrx_word' id='word_1_196' title='bbox 1215 3273 1290 3332; x_wconf 93' lang='lat' dir='ltr'>ab</span> <span class='ocrx_word' id='word_1_197' title='bbox 1332 3279 1520 3349; x_wconf 87' lang='lat' dir='ltr'>stirpe</span> <span class='ocrx_word' id='word_1_198' title='bbox 1574 3276 1833 3341; x_wconf 88' lang='lat' dir='ltr'>interiit,</span> <span class='ocrx_word' id='word_1_199' title='bbox 1889 3278 2125 3332; x_wconf 75' lang='lat' dir='ltr'>saevire</span> <span class='ocrx_word' id='word_1_200' title='bbox 2163 3276 2321 3332; x_wconf 68' lang='lat' dir='ltr'>Far-</span> 
     </span>
     <span class='ocr_line' id='line_1_35' title="bbox 996 3351 2317 3426; baseline 0 -22"><span class='ocrx_word' id='word_1_201' title='bbox 996 3361 1156 3408; x_wconf 77' lang='lat' dir='ltr'>.tnna</span> <span class='ocrx_word' id='word_1_202' title='bbox 1217 3370 1288 3407; x_wconf 92' lang='lat' dir='ltr'>ac</span> <span class='ocrx_word' id='word_1_203' title='bbox 1346 3354 1603 3409; x_wconf 90' lang='lat' dir='ltr'>miscere</span> <span class='ocrx_word' id='word_1_204' title='bbox 1655 3351 1857 3407; x_wconf 85' lang='lat' dir='ltr'>omnia</span> <span class='ocrx_word' id='word_1_205' title='bbox 1899 3355 2118 3426; x_wconf 87' lang='lat' dir='ltr'>coepit.</span> <span class='ocrx_word' id='word_1_206' title='bbox 2192 3351 2317 3408; x_wconf 70' lang='lat' dir='ltr'>Sal.</span> 
     </span>
    </p>
   </div>
   <div class='ocr_carea' id='block_1_8' title="bbox 1016 3426 1304 3484">
    <p class='ocr_par' dir='ltr' id='par_1_9' title="bbox 1016 3426 1304 3484">
     <span class='ocr_line' id='line_1_36' title="bbox 1016 3426 1304 3484; baseline -0.007 0"><span class='ocrx_word' id='word_1_207' title='bbox 1016 3426 1192 3484; x_wconf 85' lang='lat' dir='ltr'>Catil.</span> <span class='ocrx_word' id='word_1_208' title='bbox 1249 3429 1304 3484; x_wconf 90' lang='lat'>9.</span> 
     </span>
    </p>
   </div>
   <div class='ocr_carea' id='block_1_9' title="bbox 1011 3537 2325 3765">
    <p class='ocr_par' dir='ltr' id='par_1_10' title="bbox 1011 3537 2325 3765">
     <span class='ocr_line' id='line_1_37' title="bbox 1086 3537 2325 3609; baseline -0.001 -13"><span class='ocrx_word' id='word_1_209' title='bbox 1086 3538 1434 3597; x_wconf 63' lang='lat' dir='ltr'>Kana-mco</span> <span class='ocrx_word' id='word_1_210' title='bbox 1494 3555 1687 3607; x_wconf 84' lang='lat' dir='ltr'>nova,</span> <span class='ocrx_word' id='word_1_211' title='bbox 1741 3537 1917 3596; x_wconf 90' lang='lat' dir='ltr'>hodie</span> <span class='ocrx_word' id='word_1_212' title='bbox 1970 3539 2325 3609; x_wconf 50' lang='grc' dir='ltr'>θαι-τούνεκα.</span> 
     </span>
     <span class='ocr_line' id='line_1_38' title="bbox 1012 3613 2321 3689; baseline 0 -17"><span class='ocrx_word' id='word_1_213' title='bbox 1012 3615 1167 3688; x_wconf 80' lang='lat' dir='ltr'>Agri</span> <span class='ocrx_word' id='word_1_214' title='bbox 1224 3616 1288 3670; x_wconf 90' lang='lat' dir='ltr'>in</span> <span class='ocrx_word' id='word_1_215' title='bbox 1340 3613 1633 3689; x_wconf 73' lang='lat' dir='ltr'>Hispania</span> <span class='ocrx_word' id='word_1_216' title='bbox 1692 3614 1850 3689; x_wconf 87' lang='lat' dir='ltr'>apud</span> <span class='ocrx_word' id='word_1_217' title='bbox 1887 3615 2321 3688; x_wconf 70' lang='lat' dir='ltr'>Karthaginem</span> 
     </span>
     <span class='ocr_line' id='line_1_39' title="bbox 1011 3687 2322 3765; baseline 0.002 -19"><span class='ocrx_word' id='word_1_218' title='bbox 1011 3708 1235 3747; x_wconf 81' lang='lat' dir='ltr'>novam</span> <span class='ocrx_word' id='word_1_219' title='bbox 1275 3690 1527 3746; x_wconf 89' lang='lat' dir='ltr'>duorum</span> <span class='ocrx_word' id='word_1_220' title='bbox 1559 3687 1913 3765; x_wconf 85' lang='lat' dir='ltr'>Scipionum</span> <span class='ocrx_word' id='word_1_221' title='bbox 1952 3692 2167 3747; x_wconf 85' lang='lat' dir='ltr'>eximia</span> <span class='ocrx_word' id='word_1_222' title='bbox 2196 3696 2322 3748; x_wconf 72' lang='lat' dir='ltr'>vir-</span> 
     </span>
    </p>
   </div>
   <div class='ocr_carea' id='block_1_10' title="bbox 1012 3764 2317 3909">
    <p class='ocr_par' dir='ltr' id='par_1_11' title="bbox 1012 3764 2317 3909">
     <span class='ocr_line' id='line_1_40' title="bbox 1012 3764 2317 3851; baseline 0 -31"><span class='ocrx_word' id='word_1_223' title='bbox 1012 3774 1136 3851; x_wconf 73' lang='lat' dir='ltr'>tute</span> <span class='ocrx_word' id='word_1_224' title='bbox 1175 3768 1460 3841; x_wconf 73' lang='lat' dir='ltr'>possessi.</span> <span class='ocrx_word' id='word_1_225' title='bbox 1520 3764 1592 3839; x_wconf 83' lang='lat' dir='ltr'>de</span> <span class='ocrx_word' id='word_1_226' title='bbox 1651 3765 1781 3842; x_wconf 84' lang='lat' dir='ltr'>lege</span> <span class='ocrx_word' id='word_1_227' title='bbox 1836 3784 1966 3843; x_wconf 84' lang='lat' dir='ltr'>agr.</span> <span class='ocrx_word' id='word_1_228' title='bbox 2032 3775 2100 3833; x_wconf 88' lang='lat'><strong>1,</strong></span> <span class='ocrx_word' id='word_1_229' title='bbox 2146 3773 2211 3835; x_wconf 87' lang='grc'>2,</span> <span class='ocrx_word' id='word_1_230' title='bbox 2264 3776 2317 3824; x_wconf 73' lang='lat'>5.</span> 
     </span>
     <span class='ocr_line' id='line_1_41' title="bbox 1012 3837 1578 3909; baseline 0.004 -14"><span class='ocrx_word' id='word_1_231' title='bbox 1012 3837 1167 3896; x_wconf 79' lang='lat' dir='ltr'>Ibid.</span> <span class='ocrx_word' id='word_1_232' title='bbox 1214 3846 1285 3907; x_wconf 91' lang='grc'>2,</span> <span class='ocrx_word' id='word_1_233' title='bbox 1330 3844 1437 3909; x_wconf 92' lang='grc'>19,</span> <span class='ocrx_word' id='word_1_234' title='bbox 1483 3847 1578 3901; x_wconf 91' lang='grc'>51.</span> 
     </span>
    </p>
   </div>
   <div class='ocr_carea' id='block_1_11' title="bbox 1015 3951 2321 4096">
    <p class='ocr_par' dir='ltr' id='par_1_12' title="bbox 1015 3951 2321 4096">
     <span class='ocr_line' id='line_1_42' title="bbox 1088 3951 2321 4030; baseline 0 -22"><span class='ocrx_word' id='word_1_235' title='bbox 1088 3953 1386 4010; x_wconf 68' lang='grc' dir='ltr'>ΚΑιιτΑαο</span> <span class='ocrx_word' id='word_1_236' title='bbox 1439 3951 1626 4026; x_wconf 85' lang='lat' dir='ltr'>(Voc.</span> <span class='ocrx_word' id='word_1_237' title='bbox 1679 3955 1767 4011; x_wconf 85' lang='lat' dir='ltr'>sic</span> <span class='ocrx_word' id='word_1_238' title='bbox 1809 3956 2321 4030; x_wconf 63' lang='lat' dir='ltr'>pronuntiatum-„J</span> 
     </span>
     <span class='ocr_line' id='line_1_43' title="bbox 1015 4024 1513 4096; baseline -0.006 -10"><span class='ocrx_word' id='word_1_239' title='bbox 1015 4024 1187 4086; x_wconf 71' lang='lat' dir='ltr'>Orat.</span> <span class='ocrx_word' id='word_1_240' title='bbox 1233 4033 1338 4096; x_wconf 74' lang='lat'><strong>48,</strong></span> <span class='ocrx_word' id='word_1_241' title='bbox 1384 4031 1513 4089; x_wconf 84' lang='lat'><strong>160.</strong></span> 
     </span>
    </p>
   </div>
   <div class='ocr_carea' id='block_1_12' title="bbox 1090 4140 2321 4216">
    <p class='ocr_par' dir='ltr' id='par_1_13' title="bbox 1090 4140 2321 4216">
     <span class='ocr_line' id='line_1_44' title="bbox 1090 4140 2321 4216; baseline 0.003 -19"><span class='ocrx_word' id='word_1_242' title='bbox 1090 4140 1316 4206; x_wconf 64' lang='lat' dir='ltr'>Lauso,</span> <span class='ocrx_word' id='word_1_243' title='bbox 1336 4159 1667 4216; x_wconf 76' lang='lat' dir='ltr'>cognomen</span> <span class='ocrx_word' id='word_1_244' title='bbox 1690 4143 2142 4208; x_wconf 61' lang='lat' dir='ltr'>Annas-ionum,</span> <span class='ocrx_word' id='word_1_245' title='bbox 2166 4145 2321 4201; x_wconf 57' lang='lat' dir='ltr'>Art&gt;-</span> 
     </span>
    </p>
   </div>
   <div class='ocr_carea' id='block_1_13' title="bbox 872 4216 2321 4292">
    <p class='ocr_par' dir='ltr' id='par_1_14' title="bbox 872 4216 2321 4292">
     <span class='ocr_line' id='line_1_45' title="bbox 872 4216 2321 4292; baseline 0.002 -21"><span class='ocrx_word' id='word_1_246' title='bbox 872 4258 895 4271; x_wconf 78' lang='grc'>.,</span> <span class='ocrx_word' id='word_1_247' title='bbox 1012 4234 1278 4282; x_wconf 72' lang='lat' dir='ltr'>mosum,</span> <span class='ocrx_word' id='word_1_248' title='bbox 1322 4216 1675 4284; x_wconf 62' lang='lat' dir='ltr'>Famosum,</span> <span class='ocrx_word' id='word_1_249' title='bbox 1731 4217 1834 4275; x_wconf 87' lang='lat' dir='ltr'>ubi</span> <span class='ocrx_word' id='word_1_250' title='bbox 1873 4218 2008 4275; x_wconf 82' lang='lat' dir='ltr'>vide</span> <span class='ocrx_word' id='word_1_251' title='bbox 2051 4220 2321 4292; x_wconf 64' lang='lat' dir='ltr'>singulus</span> 
     </span>
    </p>
   </div>
   <div class='ocr_carea' id='block_1_14' title="bbox 1012 4293 2325 4425">
    <p class='ocr_par' dir='ltr' id='par_1_15' title="bbox 1012 4293 2325 4425">
     <span class='ocr_line' id='line_1_46' title="bbox 1012 4293 2325 4372; baseline -0.008 -22"><span class='ocrx_word' id='word_1_252' title='bbox 1012 4293 1128 4350; x_wconf 90' lang='lat' dir='ltr'>hoc</span> <span class='ocrx_word' id='word_1_253' title='bbox 1169 4294 1524 4368; x_wconf 81' lang='lat' dir='ltr'>cognomine</span> <span class='ocrx_word' id='word_1_254' title='bbox 1565 4313 1599 4349; x_wconf 86' lang='lat' dir='ltr'>a</span> <span class='ocrx_word' id='word_1_255' title='bbox 1638 4293 1816 4347; x_wconf 80' lang='lat' dir='ltr'>labris</span> <span class='ocrx_word' id='word_1_256' title='bbox 1853 4294 2032 4353; x_wconf 86' lang='lat' dir='ltr'>ducto</span> <span class='ocrx_word' id='word_1_257' title='bbox 2074 4298 2325 4372; x_wconf 61' lang='lat' dir='ltr'>insign,-</span> 
     </span>
     <span class='ocr_line' id='line_1_47' title="bbox 1013 4379 1134 4425; baseline 0 0"><span class='ocrx_word' id='word_1_258' title='bbox 1013 4379 1134 4425; x_wconf 68' lang='lat' dir='ltr'>tos.</span> 
     </span>
    </p>
   </div>
   <div class='ocr_carea' id='block_1_15' title="bbox 1012 4480 2317 4617">
    <p class='ocr_par' dir='ltr' id='par_1_16' title="bbox 1012 4480 2317 4617">
     <span class='ocr_line' id='line_1_48' title="bbox 1012 4480 2317 4617; baseline 0.006 -81"><span class='ocrx_word' id='word_1_259' title='bbox 1012 4480 1318 4617; x_wconf 51' lang='grc' dir='ltr'>10Ῑηιᾶιιιο.</span> <span class='ocrx_word' id='word_1_260' title='bbox 1376 4480 1458 4556; x_wconf 88' lang='lat' dir='ltr'>(a.</span> <span class='ocrx_word' id='word_1_261' title='bbox 1504 4500 1562 4537; x_wconf 89' lang='lat' dir='ltr'>u.</span> <span class='ocrx_word' id='word_1_262' title='bbox 1613 4501 1668 4539; x_wconf 89' lang='lat' dir='ltr'>c.</span> <span class='ocrx_word' id='word_1_263' title='bbox 1718 4488 1874 4554; x_wconf 85' lang='lat'><strong>709.)</strong></span> <span class='ocrx_word' id='word_1_264' title='bbox 1929 4483 2004 4540; x_wconf 86' lang='lat' dir='ltr'>ad</span> <span class='ocrx_word' id='word_1_265' title='bbox 2047 4484 2172 4540; x_wconf 73' lang='lat' dir='ltr'>Ait.</span> <span class='ocrx_word' id='word_1_266' title='bbox 2228 4496 2317 4552; x_wconf 71' lang='lat'>15.</span> 
     </span>
    </p>
   </div>
   <div class='ocr_carea' id='block_1_16' title="bbox 1014 4668 2321 4898">
    <p class='ocr_par' dir='ltr' id='par_1_17' title="bbox 1014 4668 2321 4898">
     <span class='ocr_line' id='line_1_49' title="bbox 1089 4668 2321 4731; baseline 0 -4"><span class='ocrx_word' id='word_1_267' title='bbox 1089 4668 1331 4729; x_wconf 63' lang='lat' dir='ltr'>Lauso:</span> <span class='ocrx_word' id='word_1_268' title='bbox 1389 4690 1542 4728; x_wconf 90' lang='lat' dir='ltr'>unus</span> <span class='ocrx_word' id='word_1_269' title='bbox 1585 4672 1657 4728; x_wconf 92' lang='lat' dir='ltr'>de</span> <span class='ocrx_word' id='word_1_270' title='bbox 1699 4673 1948 4730; x_wconf 84' lang='lat' dir='ltr'>cohorte</span> <span class='ocrx_word' id='word_1_271' title='bbox 1989 4676 2321 4731; x_wconf 81' lang='lat' dir='ltr'>amicorum</span> 
     </span>
     <span class='ocr_line' id='line_1_50' title="bbox 1016 4743 2317 4822; baseline 0.003 -22"><span class='ocrx_word' id='word_1_272' title='bbox 1016 4743 1092 4816; x_wconf 93' lang='lat' dir='ltr'>Q.</span> <span class='ocrx_word' id='word_1_273' title='bbox 1139 4745 1452 4804; x_wconf 84' lang='lat' dir='ltr'>Ciceronis</span> <span class='ocrx_word' id='word_1_274' title='bbox 1507 4749 1568 4805; x_wconf 90' lang='lat' dir='ltr'>in</span> <span class='ocrx_word' id='word_1_275' title='bbox 1625 4751 1937 4822; x_wconf 86' lang='lat' dir='ltr'>provincia</span> <span class='ocrx_word' id='word_1_276' title='bbox 1995 4752 2163 4806; x_wconf 88' lang='lat' dir='ltr'>Asia.</span> <span class='ocrx_word' id='word_1_277' title='bbox 2228 4760 2317 4816; x_wconf 74' lang='lat' dir='ltr'>[a.</span> 
     </span>
     <span class='ocr_line' id='line_1_51' title="bbox 1014 4822 2244 4898; baseline 0.005 -24"><span class='ocrx_word' id='word_1_278' title='bbox 1014 4838 1074 4875; x_wconf 87' lang='lat' dir='ltr'>u.</span> <span class='ocrx_word' id='word_1_279' title='bbox 1118 4839 1173 4877; x_wconf 89' lang='lat' dir='ltr'>c.</span> <span class='ocrx_word' id='word_1_280' title='bbox 1214 4823 1379 4898; x_wconf 66' lang='lat'><strong>692.)</strong></span> <span class='ocrx_word' id='word_1_281' title='bbox 1421 4823 1497 4879; x_wconf 87' lang='lat' dir='ltr'>ad</span> <span class='ocrx_word' id='word_1_282' title='bbox 1540 4822 1615 4894; x_wconf 93' lang='lat' dir='ltr'>Q.</span> <span class='ocrx_word' id='word_1_283' title='bbox 1660 4824 1762 4880; x_wconf 80' lang='lat' dir='ltr'>Fr.</span> <span class='ocrx_word' id='word_1_284' title='bbox 1809 4834 1876 4890; x_wconf 89' lang='lat'><strong>1,</strong></span> <span class='ocrx_word' id='word_1_285' title='bbox 1923 4833 1991 4891; x_wconf 87' lang='lat'><strong>1,</strong></span> <span class='ocrx_word' id='word_1_286' title='bbox 2036 4828 2107 4891; x_wconf 78' lang='lat'><strong>4,</strong></span> <span class='ocrx_word' id='word_1_287' title='bbox 2155 4825 2244 4883; x_wconf 66' lang='grc'>14.</span> 
     </span>
    </p>
   </div>
   <div class='ocr_carea' id='block_1_17' title="bbox 1088 4931 2355 5011">
    <p class='ocr_par' dir='ltr' id='par_1_18' title="bbox 1088 4931 2355 5011">
     <span class='ocr_line' id='line_1_52' title="bbox 1088 4931 2355 5011; baseline 0.005 -24"><span class='ocrx_word' id='word_1_288' title='bbox 1088 4931 1335 5001; x_wconf 64' lang='lat' dir='ltr'>Lauso,</span> <span class='ocrx_word' id='word_1_289' title='bbox 1384 4935 1662 4993; x_wconf 87' lang='lat' dir='ltr'>Caesaris</span> <span class='ocrx_word' id='word_1_290' title='bbox 1703 4953 2048 5011; x_wconf 86' lang='lat' dir='ltr'>percussor.</span> <span class='ocrx_word' id='word_1_291' title='bbox 2129 4938 2355 5000; x_wconf 52' lang='lat' dir='ltr'>Pseu-5</span> 
     </span>
    </p>
   </div>
   <div class='ocr_carea' id='block_1_18' title="bbox 1013 5003 2313 5157">
    <p class='ocr_par' dir='ltr' id='par_1_19' title="bbox 1013 5003 2313 5157">
     <span class='ocr_line' id='line_1_53' title="bbox 1014 5003 2313 5078; baseline 0.008 -18"><span class='ocrx_word' id='word_1_292' title='bbox 1014 5003 1211 5063; x_wconf 86' lang='lat' dir='ltr'>docic.</span> <span class='ocrx_word' id='word_1_293' title='bbox 1257 5010 1330 5066; x_wconf 90' lang='lat' dir='ltr'>ad</span> <span class='ocrx_word' id='word_1_294' title='bbox 1371 5009 1545 5069; x_wconf 84' lang='lat' dir='ltr'>Brut.</span> <span class='ocrx_word' id='word_1_295' title='bbox 1593 5018 1660 5077; x_wconf 89' lang='lat'><strong>1,</strong></span> <span class='ocrx_word' id='word_1_296' title='bbox 1708 5020 1798 5071; x_wconf 87' lang='grc'>18.</span> <span class='ocrx_word' id='word_1_297' title='bbox 1856 5011 2017 5068; x_wconf 83' lang='lat' dir='ltr'>Idem</span> <span class='ocrx_word' id='word_1_298' title='bbox 2060 5019 2127 5078; x_wconf 96' lang='grc'>2,</span> <span class='ocrx_word' id='word_1_299' title='bbox 2161 5019 2211 5070; x_wconf 90' lang='grc'><strong>7.</strong></span> <span class='ocrx_word' id='word_1_300' title='bbox 2256 5044 2313 5052; x_wconf 52' lang='lat'>1—</span> 
     </span>
     <span class='ocr_line' id='line_1_54' title="bbox 1013 5079 2313 5157; baseline 0.007 -22"><span class='ocrx_word' id='word_1_301' title='bbox 1013 5079 1281 5140; x_wconf 78' lang='lat' dir='ltr'>Videtur‘</span> <span class='ocrx_word' id='word_1_302' title='bbox 1306 5084 1382 5157; x_wconf 91' lang='lat' dir='ltr'>Q.</span> <span class='ocrx_word' id='word_1_303' title='bbox 1412 5088 1712 5143; x_wconf 81' lang='lat' dir='ltr'>Antistius</span> <span class='ocrx_word' id='word_1_304' title='bbox 1740 5084 1944 5143; x_wconf 89' lang='lat' dir='ltr'>Labeo</span> <span class='ocrx_word' id='word_1_305' title='bbox 1985 5087 2313 5157; x_wconf 68' lang='lat' dir='ltr'>(Plutarch.</span> 
     </span>
    </p>
   </div>
   <div class='ocr_carea' id='block_1_19' title="bbox 1530 584 3058 708">
    <p class='ocr_par' dir='ltr' id='par_1_20' title="bbox 1530 584 3058 708">
     <span class='ocr_line' id='line_1_55' title="bbox 1530 584 3058 708; baseline -0.006 1"><span class='ocrx_word' id='word_1_306' title='bbox 1530 584 1535 599; x_wconf 45' lang='grc' dir='ltr'>Ι</span> <span class='ocrx_word' id='word_1_307' title='bbox 1659 637 2191 708; x_wconf 78' lang='lat' dir='ltr'>KARTHAGO</span> <span class='ocrx_word' id='word_1_308' title='bbox 2237 676 2322 690; x_wconf 91' lang='lat'>—</span> <span class='ocrx_word' id='word_1_309' title='bbox 2364 632 3058 703; x_wconf 73' lang='lat' dir='ltr'>LACEDAEMON.</span> 
     </span>
    </p>
   </div>
   <div class='ocr_carea' id='block_1_20' title="bbox 2376 759 3700 1496">
    <p class='ocr_par' dir='ltr' id='par_1_21' title="bbox 2376 759 3700 1496">
     <span class='ocr_line' id='line_1_56' title="bbox 2376 759 3698 914; baseline -0.002 -79"><span class='ocrx_word' id='word_1_310' title='bbox 2376 778 2764 914; x_wconf 55' lang='lat' dir='ltr'>zerosissime</span> <span class='ocrx_word' id='word_1_311' title='bbox 2846 777 3048 852; x_wconf 90' lang='lat' dir='ltr'>periit.</span> <span class='ocrx_word' id='word_1_312' title='bbox 3136 774 3436 853; x_wconf 82' lang='lat' dir='ltr'>Appian.&#39;</span> <span class='ocrx_word' id='word_1_313' title='bbox 3476 774 3554 836; x_wconf 87' lang='lat' dir='ltr'>B.</span> <span class='ocrx_word' id='word_1_314' title='bbox 3624 759 3698 837; x_wconf 70' lang='lat' dir='ltr'>C.</span> 
     </span>
     <span class='ocr_line' id='line_1_57' title="bbox 2429 858 3693 1023; baseline 0.001 -19"><span class='ocrx_word' id='word_1_315' title='bbox 2429 858 2796 1005; x_wconf 44' lang='lat' dir='ltr'>&#39;lizanum</span> <span class='ocrx_word' id='word_1_316' title='bbox 2863 945 2937 1004; x_wconf 82' lang='lat' dir='ltr'>Ei</span> <span class='ocrx_word' id='word_1_317' title='bbox 2978 946 3184 1004; x_wconf 86' lang='lat' dir='ltr'>nescio</span> <span class='ocrx_word' id='word_1_318' title='bbox 3235 946 3373 1023; x_wconf 79' lang='lat' dir='ltr'>quis</span> <span class='ocrx_word' id='word_1_319' title='bbox 3425 947 3693 1005; x_wconf 80' lang='lat' dir='ltr'>iniuria-</span> 
     </span>
     <span class='ocr_line' id='line_1_58' title="bbox 2377 1020 3502 1091; baseline -0.001 -12"><span class='ocrx_word' id='word_1_320' title='bbox 2377 1042 2511 1080; x_wconf 86' lang='lat' dir='ltr'>rum</span> <span class='ocrx_word' id='word_1_321' title='bbox 2552 1020 2864 1081; x_wconf 79' lang='lat' dir='ltr'>satisfecit.</span> <span class='ocrx_word' id='word_1_322' title='bbox 2946 1021 3094 1080; x_wconf 86' lang='lat' dir='ltr'>Her.</span> <span class='ocrx_word' id='word_1_323' title='bbox 3137 1021 3206 1089; x_wconf 76' lang='lat'><strong>4,</strong></span> <span class='ocrx_word' id='word_1_324' title='bbox 3252 1029 3360 1091; x_wconf 88' lang='grc'>27,</span> <span class='ocrx_word' id='word_1_325' title='bbox 3403 1028 3502 1083; x_wconf 81' lang='grc'>57.</span> 
     </span>
     <span class='ocr_line' id='line_1_59' title="bbox 2452 1113 3698 1186; baseline 0.002 -13"><span class='ocrx_word' id='word_1_326' title='bbox 2452 1116 2662 1175; x_wconf 65' lang='lat' dir='ltr'>Lanu</span> <span class='ocrx_word' id='word_1_327' title='bbox 2701 1115 3036 1181; x_wconf 73' lang='lat' dir='ltr'>Sucuuus,</span> <span class='ocrx_word' id='word_1_328' title='bbox 3081 1115 3304 1186; x_wconf 77' lang='lat' dir='ltr'>,homo</span> <span class='ocrx_word' id='word_1_329' title='bbox 3342 1113 3461 1173; x_wconf 89' lang='lat' dir='ltr'>sibi</span> <span class='ocrx_word' id='word_1_330' title='bbox 3503 1117 3698 1175; x_wconf 79' lang='lat' dir='ltr'>simil-</span> 
     </span>
     <span class='ocr_line' id='line_1_60' title="bbox 2377 1191 3700 1267; baseline 0.002 -20"><span class='ocrx_word' id='word_1_331' title='bbox 2377 1191 2630 1259; x_wconf 86' lang='lat' dir='ltr'>limus,”</span> <span class='ocrx_word' id='word_1_332' title='bbox 2667 1191 2733 1249; x_wconf 87' lang='lat' dir='ltr'>id</span> <span class='ocrx_word' id='word_1_333' title='bbox 2771 1204 2897 1258; x_wconf 89' lang='lat' dir='ltr'>est,</span> <span class='ocrx_word' id='word_1_334' title='bbox 2941 1209 3299 1267; x_wconf 79' lang='lat' dir='ltr'>perversus:</span> <span class='ocrx_word' id='word_1_335' title='bbox 3341 1209 3700 1250; x_wconf 86' lang='lat' dir='ltr'>sermonem</span> 
     </span>
     <span class='ocr_line' id='line_1_61' title="bbox 2378 1266 3694 1326; baseline 0.001 -1"><span class='ocrx_word' id='word_1_336' title='bbox 2378 1266 2701 1325; x_wconf 76' lang='lat' dir='ltr'>Octaviani</span> <span class='ocrx_word' id='word_1_337' title='bbox 2753 1266 3051 1325; x_wconf 87' lang='lat' dir='ltr'>Caesaris.</span> <span class='ocrx_word' id='word_1_338' title='bbox 3085 1268 3162 1325; x_wconf 92' lang='lat' dir='ltr'>D.</span> <span class='ocrx_word' id='word_1_339' title='bbox 3201 1266 3395 1326; x_wconf 87' lang='lat' dir='ltr'>Bruto</span> <span class='ocrx_word' id='word_1_340' title='bbox 3449 1279 3694 1326; x_wconf 83' lang='lat' dir='ltr'>narrat.</span> 
     </span>
     <span class='ocr_line' id='line_1_62' title="bbox 2377 1341 3698 1421; baseline 0.002 -23"><span class='ocrx_word' id='word_1_341' title='bbox 2377 1341 2453 1398; x_wconf 88' lang='lat' dir='ltr'>ad</span> <span class='ocrx_word' id='word_1_342' title='bbox 2491 1343 2659 1401; x_wconf 87' lang='lat' dir='ltr'>Fam.</span> <span class='ocrx_word' id='word_1_343' title='bbox 2703 1350 2797 1410; x_wconf 84' lang='lat'><strong>1-1,</strong></span> <span class='ocrx_word' id='word_1_344' title='bbox 2845 1351 2938 1412; x_wconf 84' lang='grc'>20,</span> <span class='ocrx_word' id='word_1_345' title='bbox 2987 1352 3038 1401; x_wconf 95' lang='grc'>1.</span> <span class='ocrx_word' id='word_1_346' title='bbox 3086 1373 3159 1387; x_wconf 91' lang='grc'><strong>-</strong></span> <span class='ocrx_word' id='word_1_347' title='bbox 3201 1343 3397 1400; x_wconf 82' lang='lat' dir='ltr'>Homo</span> <span class='ocrx_word' id='word_1_348' title='bbox 3441 1344 3698 1421; x_wconf 84' lang='lat' dir='ltr'>nequis-</span> 
     </span>
     <span class='ocr_line' id='line_1_63' title="bbox 2377 1418 3692 1496; baseline 0.002 -21"><span class='ocrx_word' id='word_1_349' title='bbox 2377 1420 2563 1476; x_wconf 86' lang='lat' dir='ltr'>simus</span> <span class='ocrx_word' id='word_1_350' title='bbox 2603 1420 2904 1486; x_wconf 88' lang='lat' dir='ltr'>omnium,</span> <span class='ocrx_word' id='word_1_351' title='bbox 2992 1420 3051 1475; x_wconf 91' lang='lat' dir='ltr'>ui</span> <span class='ocrx_word' id='word_1_352' title='bbox 3077 1430 3249 1484; x_wconf 87' lang='lat' dir='ltr'>sunt,</span> <span class='ocrx_word' id='word_1_353' title='bbox 3291 1418 3692 1496; x_wconf 77' lang='lat' dir='ltr'>quisuerunt,</span> 
     </span>
    </p>
   </div>
   <div class='ocr_carea' id='block_1_21' title="bbox 2376 1493 3690 1643">
    <p class='ocr_par' dir='ltr' id='par_1_22' title="bbox 2376 1493 3690 1643">
     <span class='ocr_line' id='line_1_64' title="bbox 2376 1493 3690 1571; baseline 0.003 -21"><span class='ocrx_word' id='word_1_354' title='bbox 2376 1496 2480 1571; x_wconf 82' lang='lat' dir='ltr'>qui</span> <span class='ocrx_word' id='word_1_355' title='bbox 2519 1495 2706 1552; x_wconf 75' lang='lat' dir='ltr'>futuri</span> <span class='ocrx_word' id='word_1_356' title='bbox 2744 1503 2907 1552; x_wconf 88' lang='lat' dir='ltr'>sunt.</span> <span class='ocrx_word' id='word_1_357' title='bbox 3007 1493 3132 1551; x_wconf 88' lang='lat' dir='ltr'>bid.</span> <span class='ocrx_word' id='word_1_358' title='bbox 3186 1502 3292 1564; x_wconf 85' lang='grc'>21,</span> <span class='ocrx_word' id='word_1_359' title='bbox 3339 1507 3398 1554; x_wconf 90' lang='grc'>1.</span> <span class='ocrx_word' id='word_1_360' title='bbox 3440 1524 3520 1539; x_wconf 94' lang='lat'>—-</span> <span class='ocrx_word' id='word_1_361' title='bbox 3557 1494 3690 1554; x_wconf 76' lang='lat' dir='ltr'>cfr.</span> 
     </span>
     <span class='ocr_line' id='line_1_65' title="bbox 2377 1569 3159 1643; baseline -0.001 -17"><span class='ocrx_word' id='word_1_362' title='bbox 2377 1571 2450 1627; x_wconf 85' lang='lat' dir='ltr'>ad</span> <span class='ocrx_word' id='word_1_363' title='bbox 2494 1569 2569 1643; x_wconf 90' lang='lat' dir='ltr'>Q.</span> <span class='ocrx_word' id='word_1_364' title='bbox 2609 1570 2713 1628; x_wconf 79' lang='lat' dir='ltr'>Fr.</span> <span class='ocrx_word' id='word_1_365' title='bbox 2755 1572 2815 1638; x_wconf 75' lang='grc'>8,</span> <span class='ocrx_word' id='word_1_366' title='bbox 2867 1582 2918 1638; x_wconf 88' lang='grc'>1,</span> <span class='ocrx_word' id='word_1_367' title='bbox 2961 1575 3019 1638; x_wconf 87' lang='grc'>6,</span> <span class='ocrx_word' id='word_1_368' title='bbox 3063 1579 3159 1630; x_wconf 80' lang='grc'>22.</span> 
     </span>
    </p>
   </div>
   <div class='ocr_carea' id='block_1_22' title="bbox 2376 1663 3695 2641">
    <p class='ocr_par' dir='ltr' id='par_1_23' title="bbox 2376 1663 3695 2499">
     <span class='ocr_line' id='line_1_66' title="bbox 2452 1663 3693 1741; baseline 0.001 -19"><span class='ocrx_word' id='word_1_369' title='bbox 2452 1663 2528 1722; x_wconf 90' lang='lat' dir='ltr'>D.</span> <span class='ocrx_word' id='word_1_370' title='bbox 2553 1663 2879 1728; x_wconf 61' lang='lat' dir='ltr'>Latmus.</span> <span class='ocrx_word' id='word_1_371' title='bbox 2912 1665 3388 1741; x_wconf 82' lang='lat' dir='ltr'>mimographus.</span> <span class='ocrx_word' id='word_1_372' title='bbox 3427 1665 3507 1723; x_wconf 84' lang='lat' dir='ltr'>ad</span> <span class='ocrx_word' id='word_1_373' title='bbox 3524 1664 3693 1723; x_wconf 76' lang='lat' dir='ltr'>Fam.</span> 
     </span>
     <span class='ocr_line' id='line_1_67' title="bbox 2379 1740 3693 1818; baseline -0.001 -17"><span class='ocrx_word' id='word_1_374' title='bbox 2379 1748 2433 1806; x_wconf 89' lang='grc'>7,</span> <span class='ocrx_word' id='word_1_375' title='bbox 2469 1752 2558 1807; x_wconf 89' lang='grc'>11,</span> <span class='ocrx_word' id='word_1_376' title='bbox 2595 1749 2645 1796; x_wconf 81' lang='grc'>2.</span> <span class='ocrx_word' id='word_1_377' title='bbox 2685 1769 2760 1784; x_wconf 89' lang='lat'>·-—</span> <span class='ocrx_word' id='word_1_378' title='bbox 2799 1740 3137 1818; x_wconf 75' lang='lat' dir='ltr'>„Equidem</span> <span class='ocrx_word' id='word_1_379' title='bbox 3163 1743 3253 1797; x_wconf 87' lang='lat' dir='ltr'>sic</span> <span class='ocrx_word' id='word_1_380' title='bbox 3280 1743 3399 1798; x_wconf 85' lang='lat' dir='ltr'>iam</span> <span class='ocrx_word' id='word_1_381' title='bbox 3426 1740 3693 1800; x_wconf 88' lang='lat' dir='ltr'>obdurui</span> 
     </span>
     <span class='ocr_line' id='line_1_68' title="bbox 2378 1816 3692 1884; baseline 0.002 -13"><span class='ocrx_word' id='word_1_382' title='bbox 2378 1822 2457 1883; x_wconf 92' lang='lat' dir='ltr'>(a.</span> <span class='ocrx_word' id='word_1_383' title='bbox 2501 1835 2561 1872; x_wconf 92' lang='lat' dir='ltr'>u.</span> <span class='ocrx_word' id='word_1_384' title='bbox 2606 1836 2661 1873; x_wconf 89' lang='lat' dir='ltr'>c.</span> <span class='ocrx_word' id='word_1_385' title='bbox 2709 1823 2901 1884; x_wconf 83' lang='lat'><strong>709.),</strong></span> <span class='ocrx_word' id='word_1_386' title='bbox 2948 1828 3014 1873; x_wconf 90' lang='lat' dir='ltr'>ut</span> <span class='ocrx_word' id='word_1_387' title='bbox 3052 1816 3208 1873; x_wconf 88' lang='lat' dir='ltr'>ludis</span> <span class='ocrx_word' id='word_1_388' title='bbox 3248 1816 3533 1874; x_wconf 83' lang='lat' dir='ltr'>Caesaris</span> <span class='ocrx_word' id='word_1_389' title='bbox 3573 1836 3692 1874; x_wconf 89' lang='lat' dir='ltr'>no-</span> 
     </span>
     <span class='ocr_line' id='line_1_69' title="bbox 2376 1891 3687 1966; baseline 0 -18"><span class='ocrx_word' id='word_1_390' title='bbox 2376 1891 2490 1948; x_wconf 87' lang='lat' dir='ltr'>stri</span> <span class='ocrx_word' id='word_1_391' title='bbox 2554 1894 2756 1948; x_wconf 89' lang='lat' dir='ltr'>animo</span> <span class='ocrx_word' id='word_1_392' title='bbox 2832 1895 3195 1966; x_wconf 84' lang='lat' dir='ltr'>aequissimo</span> <span class='ocrx_word' id='word_1_393' title='bbox 3271 1891 3547 1950; x_wconf 84' lang='lat' dir='ltr'>viderem</span> <span class='ocrx_word' id='word_1_394' title='bbox 3609 1893 3687 1951; x_wconf 80' lang='lat' dir='ltr'>T.</span> 
     </span>
     <span class='ocr_line' id='line_1_70' title="bbox 2377 1966 3691 2033; baseline 0.001 -8"><span class='ocrx_word' id='word_1_395' title='bbox 2377 1967 2700 2033; x_wconf 82' lang='lat' dir='ltr'>Plancum,</span> <span class='ocrx_word' id='word_1_396' title='bbox 2760 1967 3033 2024; x_wconf 84' lang='lat' dir='ltr'>audirem</span> <span class='ocrx_word' id='word_1_397' title='bbox 3089 1966 3332 2025; x_wconf 85' lang='lat' dir='ltr'>Laberii</span> <span class='ocrx_word' id='word_1_398' title='bbox 3386 1977 3448 2024; x_wconf 87' lang='lat' dir='ltr'>et</span> <span class='ocrx_word' id='word_1_399' title='bbox 3489 1967 3691 2026; x_wconf 76' lang='lat' dir='ltr'>Publii</span> 
     </span>
     <span class='ocr_line' id='line_1_71' title="bbox 2377 2040 3686 2119; baseline -0.001 -18"><span class='ocrx_word' id='word_1_400' title='bbox 2377 2041 2573 2119; x_wconf 84' lang='lat' dir='ltr'>(Syri)</span> <span class='ocrx_word' id='word_1_401' title='bbox 2615 2040 2966 2117; x_wconf 62' lang='lat' dir='ltr'>poemata.”</span> <span class='ocrx_word' id='word_1_402' title='bbox 3019 2043 3095 2099; x_wconf 88' lang='lat' dir='ltr'>ad</span> <span class='ocrx_word' id='word_1_403' title='bbox 3135 2043 3301 2099; x_wconf 84' lang='lat' dir='ltr'>Fam.</span> <span class='ocrx_word' id='word_1_404' title='bbox 3346 2049 3438 2111; x_wconf 88' lang='grc'>12,</span> <span class='ocrx_word' id='word_1_405' title='bbox 3489 2053 3583 2110; x_wconf 87' lang='grc'>18,</span> <span class='ocrx_word' id='word_1_406' title='bbox 3625 2052 3686 2103; x_wconf 88' lang='grc'>2.</span> 
     </span>
     <span class='ocr_line' id='line_1_72' title="bbox 2383 2116 3692 2187; baseline 0.001 -12"><span class='ocrx_word' id='word_1_407' title='bbox 2383 2148 2446 2163; x_wconf 87' lang='lat'>-</span> <span class='ocrx_word' id='word_1_408' title='bbox 2478 2119 2665 2175; x_wconf 76' lang='lat' dir='ltr'>Poe‘ta</span> <span class='ocrx_word' id='word_1_409' title='bbox 2703 2116 2903 2176; x_wconf 83' lang='lat' dir='ltr'>clarus</span> <span class='ocrx_word' id='word_1_410' title='bbox 2943 2125 3003 2175; x_wconf 83' lang='lat' dir='ltr'>et</span> <span class='ocrx_word' id='word_1_411' title='bbox 3041 2118 3328 2187; x_wconf 79' lang='lat' dir='ltr'>mordax,</span> <span class='ocrx_word' id='word_1_412' title='bbox 3371 2137 3406 2175; x_wconf 89' lang='lat' dir='ltr'>a</span> <span class='ocrx_word' id='word_1_413' title='bbox 3434 2118 3505 2177; x_wconf 83' lang='lat' dir='ltr'>C.</span> <span class='ocrx_word' id='word_1_414' title='bbox 3534 2118 3692 2178; x_wconf 86' lang='lat' dir='ltr'>Cae-</span> 
     </span>
     <span class='ocr_line' id='line_1_73' title="bbox 2378 2194 3692 2254; baseline 0.002 -4"><span class='ocrx_word' id='word_1_415' title='bbox 2378 2212 2516 2252; x_wconf 84' lang='lat' dir='ltr'>sare</span> <span class='ocrx_word' id='word_1_416' title='bbox 2567 2195 2765 2251; x_wconf 87' lang='lat' dir='ltr'>iussus</span> <span class='ocrx_word' id='word_1_417' title='bbox 2819 2197 2883 2251; x_wconf 90' lang='lat' dir='ltr'>iu</span> <span class='ocrx_word' id='word_1_418' title='bbox 2935 2211 3180 2251; x_wconf 78' lang='lat' dir='ltr'>scenam</span> <span class='ocrx_word' id='word_1_419' title='bbox 3261 2194 3471 2253; x_wconf 85' lang='lat' dir='ltr'>rodire</span> <span class='ocrx_word' id='word_1_420' title='bbox 3505 2214 3692 2254; x_wconf 78' lang='lat' dir='ltr'>sexa-</span> 
     </span>
     <span class='ocr_line' id='line_1_74' title="bbox 2378 2268 3695 2346; baseline 0.002 -20"><span class='ocrx_word' id='word_1_421' title='bbox 2378 2270 2698 2344; x_wconf 80' lang='lat' dir='ltr'>genarius,</span> <span class='ocrx_word' id='word_1_422' title='bbox 2764 2268 2836 2327; x_wconf 89' lang='lat' dir='ltr'>de</span> <span class='ocrx_word' id='word_1_423' title='bbox 2894 2288 3014 2346; x_wconf 82' lang='lat' dir='ltr'>quo</span> <span class='ocrx_word' id='word_1_424' title='bbox 3059 2269 3193 2327; x_wconf 79' lang='lat' dir='ltr'>vide</span> <span class='ocrx_word' id='word_1_425' title='bbox 3299 2270 3511 2328; x_wconf 83' lang='lat' dir='ltr'>acrob.</span> <span class='ocrx_word' id='word_1_426' title='bbox 3576 2269 3695 2328; x_wconf 87' lang='lat' dir='ltr'>Sa-</span> 
     </span>
     <span class='ocr_line' id='line_1_75' title="bbox 2377 2343 3693 2424; baseline -0.001 -23"><span class='ocrx_word' id='word_1_427' title='bbox 2377 2355 2542 2402; x_wconf 87' lang='lat' dir='ltr'>tnru.</span> <span class='ocrx_word' id='word_1_428' title='bbox 2586 2350 2652 2412; x_wconf 90' lang='grc'>2,</span> <span class='ocrx_word' id='word_1_429' title='bbox 2688 2350 2767 2413; x_wconf 94' lang='grc'>7.,</span> <span class='ocrx_word' id='word_1_430' title='bbox 2811 2343 2912 2403; x_wconf 91' lang='lat' dir='ltr'>nbi</span> <span class='ocrx_word' id='word_1_431' title='bbox 2982 2345 3229 2420; x_wconf 83' lang='lat' dir='ltr'>rologus</span> <span class='ocrx_word' id='word_1_432' title='bbox 3256 2349 3386 2403; x_wconf 89' lang='lat' dir='ltr'>eius</span> <span class='ocrx_word' id='word_1_433' title='bbox 3415 2348 3693 2424; x_wconf 81' lang='lat' dir='ltr'>insignis.</span> 
     </span>
     <span class='ocr_line' id='line_1_76' title="bbox 2378 2419 3690 2499; baseline 0.003 -20"><span class='ocrx_word' id='word_1_434' title='bbox 2378 2419 2557 2498; x_wconf 83' lang='lat' dir='ltr'>Apud</span> <span class='ocrx_word' id='word_1_435' title='bbox 2608 2420 2865 2478; x_wconf 89' lang='lat' dir='ltr'>eundem</span> <span class='ocrx_word' id='word_1_436' title='bbox 2911 2434 2947 2477; x_wconf 76' lang='lat' dir='ltr'>a</span> <span class='ocrx_word' id='word_1_437' title='bbox 2974 2424 3140 2499; x_wconf 84' lang='lat' dir='ltr'>iquot</span> <span class='ocrx_word' id='word_1_438' title='bbox 3190 2424 3319 2479; x_wconf 87' lang='lat' dir='ltr'>eius</span> <span class='ocrx_word' id='word_1_439' title='bbox 3360 2423 3690 2499; x_wconf 71' lang='grc' dir='ltr'>ἀποφθέγ-</span> 
     </span>
    </p>

    <p class='ocr_par' dir='ltr' id='par_1_24' title="bbox 2377 2495 3689 2641">
     <span class='ocr_line' id='line_1_77' title="bbox 2431 2495 3689 2559; baseline 0.005 -11"><span class='ocrx_word' id='word_1_440' title='bbox 2431 2519 2573 2556; x_wconf 72' lang='grc' dir='ltr'><strong>ιιτα.</strong></span> <span class='ocrx_word' id='word_1_441' title='bbox 2655 2496 2804 2553; x_wconf 69' lang='lat' dir='ltr'>Ean.</span> <span class='ocrx_word' id='word_1_442' title='bbox 2892 2496 3019 2554; x_wconf 80' lang='lat' dir='ltr'>cfr.</span> <span class='ocrx_word' id='word_1_443' title='bbox 3101 2495 3270 2555; x_wconf 90' lang='lat' dir='ltr'>Suet.</span> <span class='ocrx_word' id='word_1_444' title='bbox 3349 2496 3526 2555; x_wconf 71' lang='lat' dir='ltr'>caes.</span> <span class='ocrx_word' id='word_1_445' title='bbox 3592 2504 3689 2559; x_wconf 83' lang='grc'>59.</span> 
     </span>
     <span class='ocr_line' id='line_1_78' title="bbox 2377 2518 3578 2641; baseline -0.002 -11"><span class='ocrx_word' id='word_1_446' title='bbox 2377 2518 2663 2631; x_wconf 31' lang='lat' dir='ltr'>wichad</span> <span class='ocrx_word' id='word_1_447' title='bbox 2703 2573 2776 2628; x_wconf 87' lang='lat' dir='ltr'>ad</span> <span class='ocrx_word' id='word_1_448' title='bbox 2817 2571 3058 2630; x_wconf 84' lang='lat' dir='ltr'>Horatii</span> <span class='ocrx_word' id='word_1_449' title='bbox 3095 2571 3224 2631; x_wconf 89' lang='lat' dir='ltr'>Sat.</span> <span class='ocrx_word' id='word_1_450' title='bbox 3274 2582 3340 2640; x_wconf 88' lang='lat'><strong>1,</strong></span> <span class='ocrx_word' id='word_1_451' title='bbox 3385 2582 3478 2641; x_wconf 90' lang='grc' dir='ltr'>1ο,</span> <span class='ocrx_word' id='word_1_452' title='bbox 3523 2582 3578 2632; x_wconf 90' lang='grc'>1.</span> 
     </span>
    </p>
   </div>
   <div class='ocr_carea' id='block_1_23' title="bbox 2379 2665 3694 2812">
    <p class='ocr_par' dir='ltr' id='par_1_25' title="bbox 2379 2665 3694 2812">
     <span class='ocr_line' id='line_1_79' title="bbox 2456 2665 3694 2726; baseline 0 -1"><span class='ocrx_word' id='word_1_453' title='bbox 2456 2666 2543 2725; x_wconf 82' lang='grc' dir='ltr'>Μ.</span> <span class='ocrx_word' id='word_1_454' title='bbox 2586 2665 2888 2723; x_wconf 64' lang='lat' dir='ltr'>Lanatus</span> <span class='ocrx_word' id='word_1_455' title='bbox 2983 2666 3182 2724; x_wconf 85' lang='lat' dir='ltr'>raedia</span> <span class='ocrx_word' id='word_1_456' title='bbox 3224 2678 3452 2725; x_wconf 77' lang='lat' dir='ltr'>emerat</span> <span class='ocrx_word' id='word_1_457' title='bbox 3477 2687 3510 2723; x_wconf 89' lang='lat' dir='ltr'>a</span> <span class='ocrx_word' id='word_1_458' title='bbox 3540 2667 3694 2726; x_wconf 90' lang='lat' dir='ltr'>Cae-</span> 
     </span>
     <span class='ocr_line' id='line_1_80' title="bbox 2379 2739 3686 2812; baseline 0.001 -11"><span class='ocrx_word' id='word_1_459' title='bbox 2379 2744 2516 2801; x_wconf 83' lang='lat' dir='ltr'>&#39;sare</span> <span class='ocrx_word' id='word_1_460' title='bbox 2556 2740 2629 2799; x_wconf 89' lang='lat' dir='ltr'>de</span> <span class='ocrx_word' id='word_1_461' title='bbox 2667 2739 2847 2799; x_wconf 86' lang='lat' dir='ltr'>bonis</span> <span class='ocrx_word' id='word_1_462' title='bbox 2886 2742 2935 2800; x_wconf 88' lang='lat' dir='ltr'>P</span> <span class='ocrx_word' id='word_1_463' title='bbox 2961 2742 3202 2799; x_wconf 83' lang='lat' dir='ltr'>otiauis.</span> <span class='ocrx_word' id='word_1_464' title='bbox 3262 2743 3336 2801; x_wconf 87' lang='lat' dir='ltr'>ad</span> <span class='ocrx_word' id='word_1_465' title='bbox 3375 2742 3542 2800; x_wconf 76' lang='lat' dir='ltr'>Fam.</span> <span class='ocrx_word' id='word_1_466' title='bbox 3588 2747 3686 2812; x_wconf 84' lang='grc'>15,</span> 
     </span>
    </p>
   </div>
   <div class='ocr_carea' id='block_1_24' title="bbox 2380 2824 2553 2886">
    <p class='ocr_par' dir='ltr' id='par_1_26' title="bbox 2380 2824 2553 2886">
     <span class='ocr_line' id='line_1_81' title="bbox 2380 2824 2553 2886; baseline -0.029 -6"><span class='ocrx_word' id='word_1_467' title='bbox 2380 2824 2451 2886; x_wconf 87' lang='grc'>8,</span> <span class='ocrx_word' id='word_1_468' title='bbox 2494 2826 2553 2877; x_wconf 90' lang='grc'>2.</span> 
     </span>
    </p>
   </div>
   <div class='ocr_carea' id='block_1_25' title="bbox 2379 2908 3681 3131">
    <p class='ocr_par' dir='ltr' id='par_1_27' title="bbox 2379 2908 3681 3131">
     <span class='ocr_line' id='line_1_82' title="bbox 2456 2908 3681 2984; baseline -0.002 -16"><span class='ocrx_word' id='word_1_469' title='bbox 2456 2911 2533 2984; x_wconf 74' lang='lat' dir='ltr'><strong>Q,</strong></span> <span class='ocrx_word' id='word_1_470' title='bbox 2575 2910 2881 2968; x_wconf 66' lang='lat' dir='ltr'>Lanatus</span> <span class='ocrx_word' id='word_1_471' title='bbox 2921 2911 3160 2980; x_wconf 77' lang='lat' dir='ltr'>Duaus,</span> <span class='ocrx_word' id='word_1_472' title='bbox 3221 2908 3499 2969; x_wconf 86' lang='lat' dir='ltr'>tribunus</span> <span class='ocrx_word' id='word_1_473' title='bbox 3551 2909 3681 2967; x_wconf 86' lang='lat' dir='ltr'>mil.</span> 
     </span>
     <span class='ocr_line' id='line_1_83' title="bbox 2379 2986 3681 3047; baseline -0.002 -1"><span class='ocrx_word' id='word_1_474' title='bbox 2379 3006 2414 3045; x_wconf 85' lang='lat' dir='ltr'>a</span> <span class='ocrx_word' id='word_1_475' title='bbox 2467 2986 2784 3046; x_wconf 88' lang='lat' dir='ltr'>Britannis</span> <span class='ocrx_word' id='word_1_476' title='bbox 2837 2988 3186 3045; x_wconf 75' lang='lat' dir='ltr'>interfectus</span> <span class='ocrx_word' id='word_1_477' title='bbox 3244 3007 3301 3044; x_wconf 88' lang='lat' dir='ltr'>a.</span> <span class='ocrx_word' id='word_1_478' title='bbox 3344 3006 3401 3045; x_wconf 91' lang='lat' dir='ltr'>u.</span> <span class='ocrx_word' id='word_1_479' title='bbox 3446 3006 3500 3043; x_wconf 90' lang='lat' dir='ltr'>c.</span> <span class='ocrx_word' id='word_1_480' title='bbox 3546 2993 3681 3047; x_wconf 90' lang='grc'><strong>700.</strong></span> 
     </span>
     <span class='ocr_line' id='line_1_84' title="bbox 2380 3061 3043 3131; baseline -0.005 -10"><span class='ocrx_word' id='word_1_481' title='bbox 2380 3062 2606 3121; x_wconf 81' lang='lat' dir='ltr'>Caesar</span> <span class='ocrx_word' id='word_1_482' title='bbox 2645 3061 2804 3121; x_wconf 84' lang='lat' dir='ltr'>Gall.</span> <span class='ocrx_word' id='word_1_483' title='bbox 2850 3070 2905 3131; x_wconf 90' lang='grc'>5,</span> <span class='ocrx_word' id='word_1_484' title='bbox 2955 3068 3043 3122; x_wconf 89' lang='grc'>15.</span> 
     </span>
    </p>
   </div>
   <div class='ocr_carea' id='block_1_26' title="bbox 2379 3156 3689 3916">
    <p class='ocr_par' dir='ltr' id='par_1_28' title="bbox 2379 3156 3689 3916">
     <span class='ocr_line' id='line_1_85' title="bbox 2454 3156 3686 3234; baseline 0.001 -20"><span class='ocrx_word' id='word_1_485' title='bbox 2454 3157 2703 3223; x_wconf 68' lang='lat' dir='ltr'>LAaxct,</span> <span class='ocrx_word' id='word_1_486' title='bbox 2740 3156 3026 3232; x_wconf 88' lang='lat' dir='ltr'>oppidum</span> <span class='ocrx_word' id='word_1_487' title='bbox 3054 3157 3245 3226; x_wconf 86' lang='lat' dir='ltr'>Latii,</span> <span class='ocrx_word' id='word_1_488' title='bbox 3286 3156 3447 3234; x_wconf 86' lang='lat' dir='ltr'>quod</span> <span class='ocrx_word' id='word_1_489' title='bbox 3476 3169 3535 3214; x_wconf 90' lang='lat' dir='ltr'>et</span> <span class='ocrx_word' id='word_1_490' title='bbox 3559 3158 3686 3215; x_wconf 90' lang='lat' dir='ltr'>La-</span> 
     </span>
     <span class='ocr_line' id='line_1_86' title="bbox 2379 3232 3681 3311; baseline 0 -20"><span class='ocrx_word' id='word_1_491' title='bbox 2379 3232 2580 3291; x_wconf 88' lang='lat' dir='ltr'>bicum</span> <span class='ocrx_word' id='word_1_492' title='bbox 2637 3233 2897 3300; x_wconf 60' lang='lat' dir='ltr'>(licitum</span> <span class='ocrx_word' id='word_1_493' title='bbox 2955 3253 2989 3289; x_wconf 91' lang='lat' dir='ltr'>a</span> <span class='ocrx_word' id='word_1_494' title='bbox 3044 3252 3163 3311; x_wconf 87' lang='lat' dir='ltr'>quo</span> <span class='ocrx_word' id='word_1_495' title='bbox 3221 3233 3317 3290; x_wconf 82' lang='lat' dir='ltr'>via</span> <span class='ocrx_word' id='word_1_496' title='bbox 3372 3233 3681 3292; x_wconf 85' lang='lat' dir='ltr'>Labicana</span> 
     </span>
     <span class='ocr_line' id='line_1_87' title="bbox 2380 3306 3685 3385; baseline 0 -19"><span class='ocrx_word' id='word_1_497' title='bbox 2380 3309 2518 3366; x_wconf 84' lang='lat' dir='ltr'>XV.</span> <span class='ocrx_word' id='word_1_498' title='bbox 2562 3308 2687 3365; x_wconf 90' lang='lat' dir='ltr'>mil.</span> <span class='ocrx_word' id='word_1_499' title='bbox 2734 3327 3014 3384; x_wconf 87' lang='lat' dir='ltr'>passuum</span> <span class='ocrx_word' id='word_1_500' title='bbox 3068 3308 3144 3365; x_wconf 90' lang='lat' dir='ltr'>ab</span> <span class='ocrx_word' id='word_1_501' title='bbox 3193 3306 3368 3366; x_wconf 86' lang='lat' dir='ltr'>urbe.</span> <span class='ocrx_word' id='word_1_502' title='bbox 3439 3311 3510 3366; x_wconf 91' lang='lat' dir='ltr'>de</span> <span class='ocrx_word' id='word_1_503' title='bbox 3554 3310 3685 3385; x_wconf 86' lang='lat' dir='ltr'>lege</span> 
     </span>
     <span class='ocr_line' id='line_1_88' title="bbox 2381 3384 3687 3534; baseline 0.001 -16"><span class='ocrx_word' id='word_1_504' title='bbox 2381 3384 3687 3534; x_wconf 53' lang='lat' dir='ltr'>3220}3{‡?‘.⁵‚·.;‘1›¹s::;‘53⁰3¹2⁵}?¹&#39;÷}¹.3¹3¹:</span> 
     </span>
     <span class='ocr_line' id='line_1_89' title="bbox 2380 3534 3689 3610; baseline -0.001 -15"><span class='ocrx_word' id='word_1_505' title='bbox 2380 3535 2749 3595; x_wconf 87' lang='lat' dir='ltr'>Labicanum</span> <span class='ocrx_word' id='word_1_506' title='bbox 2788 3534 3004 3592; x_wconf 86' lang='lat' dir='ltr'>Parad.</span> <span class='ocrx_word' id='word_1_507' title='bbox 3049 3543 3106 3603; x_wconf 88' lang='grc'>6,</span> <span class='ocrx_word' id='word_1_508' title='bbox 3137 3540 3197 3603; x_wconf 82' lang='grc'>5,</span> <span class='ocrx_word' id='word_1_509' title='bbox 3227 3541 3320 3595; x_wconf 89' lang='grc'>50.</span> <span class='ocrx_word' id='word_1_510' title='bbox 3374 3536 3689 3610; x_wconf 86' lang='lat' dir='ltr'>praedium</span> 
     </span>
     <span class='ocr_line' id='line_1_90' title="bbox 2381 3609 3684 3688; baseline -0.002 -19"><span class='ocrx_word' id='word_1_511' title='bbox 2381 3615 2545 3670; x_wconf 86' lang='lat' dir='ltr'>circa</span> <span class='ocrx_word' id='word_1_512' title='bbox 2597 3610 2882 3688; x_wconf 88' lang='lat' dir='ltr'>oppidum</span> <span class='ocrx_word' id='word_1_513' title='bbox 2938 3611 3103 3667; x_wconf 75' lang='lat' dir='ltr'>illud.</span> <span class='ocrx_word' id='word_1_514' title='bbox 3144 3642 3220 3655; x_wconf 95' lang='lat'>—</span> <span class='ocrx_word' id='word_1_515' title='bbox 3259 3609 3553 3669; x_wconf 85' lang='lat' dir='ltr'>Labicum</span> <span class='ocrx_word' id='word_1_516' title='bbox 3608 3614 3684 3688; x_wconf 88' lang='lat' dir='ltr'>(s.</span> 
     </span>
     <span class='ocr_line' id='line_1_91' title="bbox 2381 3686 3689 3777; baseline 0.002 -34"><span class='ocrx_word' id='word_1_517' title='bbox 2381 3689 2705 3777; x_wconf 67' lang='lat' dir='ltr'>Lav·m),</span> <span class='ocrx_word' id='word_1_518' title='bbox 2748 3686 2949 3752; x_wconf 89' lang='lat' dir='ltr'>Gabii,</span> <span class='ocrx_word' id='word_1_519' title='bbox 2996 3686 3295 3744; x_wconf 82' lang='lat' dir='ltr'>Bovillae:</span> <span class='ocrx_word' id='word_1_520' title='bbox 3343 3689 3433 3744; x_wconf 85' lang='lat' dir='ltr'>his</span> <span class='ocrx_word' id='word_1_521' title='bbox 3476 3707 3508 3745; x_wconf 91' lang='lat' dir='ltr'>e</span> <span class='ocrx_word' id='word_1_522' title='bbox 3549 3706 3689 3745; x_wconf 89' lang='lat' dir='ltr'>mu-</span> 
     </span>
     <span class='ocr_line' id='line_1_92' title="bbox 2384 3763 3689 3840; baseline 0 -20"><span class='ocrx_word' id='word_1_523' title='bbox 2384 3765 2621 3840; x_wconf 82' lang='lat' dir='ltr'>nicipiis</span> <span class='ocrx_word' id='word_1_524' title='bbox 2673 3765 2777 3820; x_wconf 81' lang='lat' dir='ltr'>vix</span> <span class='ocrx_word' id='word_1_525' title='bbox 2820 3768 2968 3829; x_wconf 85' lang='lat' dir='ltr'>iam,</span> <span class='ocrx_word' id='word_1_526' title='bbox 3026 3764 3129 3838; x_wconf 89' lang='lat' dir='ltr'>qui</span> <span class='ocrx_word' id='word_1_527' title='bbox 3168 3781 3413 3820; x_wconf 87' lang='lat' dir='ltr'>carnem</span> <span class='ocrx_word' id='word_1_528' title='bbox 3454 3763 3689 3820; x_wconf 88' lang='lat' dir='ltr'>Latinis</span> 
     </span>
     <span class='ocr_line' id='line_1_93' title="bbox 2381 3838 3688 3916; baseline 0.002 -21"><span class='ocrx_word' id='word_1_529' title='bbox 2381 3849 2632 3916; x_wconf 88' lang='lat' dir='ltr'>petant,</span> <span class='ocrx_word' id='word_1_530' title='bbox 2711 3841 3120 3915; x_wconf 81' lang='lat' dir='ltr'>reperiuntur.</span> <span class='ocrx_word' id='word_1_531' title='bbox 3239 3858 3354 3915; x_wconf 86' lang='lat' dir='ltr'>pro</span> <span class='ocrx_word' id='word_1_532' title='bbox 3438 3838 3688 3897; x_wconf 75' lang='lat' dir='ltr'>Plancio</span> 
     </span>
    </p>
   </div>
   <div class='ocr_carea' id='block_1_27' title="bbox 2384 4007 3690 4143">
    <p class='ocr_par' dir='ltr' id='par_1_29' title="bbox 2384 4007 3690 4143">
     <span class='ocr_line' id='line_1_94' title="bbox 2456 4007 3690 4068; baseline -0.001 -1"><span class='ocrx_word' id='word_1_533' title='bbox 2456 4011 2532 4067; x_wconf 87' lang='lat' dir='ltr'>T.</span> <span class='ocrx_word' id='word_1_534' title='bbox 2577 4010 2902 4067; x_wconf 61' lang='lat' dir='ltr'>Lamnus.</span> <span class='ocrx_word' id='word_1_535' title='bbox 2974 4007 3125 4066; x_wconf 87' lang='lat' dir='ltr'>Vide</span> <span class='ocrx_word' id='word_1_536' title='bbox 3186 4008 3260 4064; x_wconf 89' lang='lat' dir='ltr'>T.</span> <span class='ocrx_word' id='word_1_537' title='bbox 3305 4010 3502 4065; x_wconf 74' lang='lat' dir='ltr'>Arius</span> <span class='ocrx_word' id='word_1_538' title='bbox 3562 4008 3690 4068; x_wconf 69' lang='lat' dir='ltr'>LA·-</span> 
     </span>
     <span class='ocr_line' id='line_1_95' title="bbox 2384 4105 2613 4143; baseline -0.004 0"><span class='ocrx_word' id='word_1_539' title='bbox 2384 4105 2613 4143; x_wconf 62' lang='lat' dir='ltr'>sinsus.</span> 
     </span>
    </p>
   </div>
   <div class='ocr_carea' id='block_1_28' title="bbox 2455 4177 3685 4248">
    <p class='ocr_par' dir='ltr' id='par_1_30' title="bbox 2455 4177 3685 4248">
     <span class='ocr_line' id='line_1_96' title="bbox 2455 4177 3685 4248; baseline -0.001 -12"><span class='ocrx_word' id='word_1_540' title='bbox 2455 4180 2697 4245; x_wconf 59' lang='lat' dir='ltr'>Lasos,</span> <span class='ocrx_word' id='word_1_541' title='bbox 2741 4179 2908 4235; x_wconf 87' lang='lat' dir='ltr'>dens.</span> <span class='ocrx_word' id='word_1_542' title='bbox 2965 4177 3037 4236; x_wconf 86' lang='lat' dir='ltr'>de</span> <span class='ocrx_word' id='word_1_543' title='bbox 3080 4179 3215 4235; x_wconf 84' lang='lat' dir='ltr'>Nat.</span> <span class='ocrx_word' id='word_1_544' title='bbox 3254 4179 3331 4235; x_wconf 93' lang='lat' dir='ltr'>D.</span> <span class='ocrx_word' id='word_1_545' title='bbox 3377 4184 3432 4246; x_wconf 86' lang='lat'><strong>3,</strong></span> <span class='ocrx_word' id='word_1_546' title='bbox 3467 4189 3558 4248; x_wconf 88' lang='grc'>17,</span> <span class='ocrx_word' id='word_1_547' title='bbox 3590 4180 3685 4238; x_wconf 69' lang='grc'>41.</span> 
     </span>
    </p>
   </div>
   <div class='ocr_carea' id='block_1_29' title="bbox 2380 4272 3689 4498">
    <p class='ocr_par' dir='ltr' id='par_1_31' title="bbox 2380 4272 3689 4498">
     <span class='ocr_line' id='line_1_97' title="bbox 2456 4272 3689 4348; baseline -0.001 -18"><span class='ocrx_word' id='word_1_548' title='bbox 2456 4274 2662 4330; x_wconf 64' lang='grc' dir='ltr'>ιΑιιιιο</span> <span class='ocrx_word' id='word_1_549' title='bbox 2702 4276 2829 4330; x_wconf 82' lang='lat' dir='ltr'>sive</span> <span class='ocrx_word' id='word_1_550' title='bbox 2868 4283 3081 4348; x_wconf 86' lang='lat' dir='ltr'>portus</span> <span class='ocrx_word' id='word_1_551' title='bbox 3122 4273 3403 4329; x_wconf 85' lang='lat' dir='ltr'>Herculis</span> <span class='ocrx_word' id='word_1_552' title='bbox 3450 4272 3689 4330; x_wconf 86' lang='lat' dir='ltr'>Labro-</span> 
     </span>
     <span class='ocr_line' id='line_1_98' title="bbox 2382 4348 3687 4416; baseline -0.001 -10"><span class='ocrx_word' id='word_1_553' title='bbox 2382 4351 2511 4414; x_wconf 88' lang='lat' dir='ltr'>nis,</span> <span class='ocrx_word' id='word_1_554' title='bbox 2584 4348 2951 4416; x_wconf 71' lang='lat' dir='ltr'>Liburnium,</span> <span class='ocrx_word' id='word_1_555' title='bbox 3020 4349 3197 4406; x_wconf 90' lang='lat' dir='ltr'>hodie</span> <span class='ocrx_word' id='word_1_556' title='bbox 3269 4350 3547 4412; x_wconf 66' lang='lat' dir='ltr'>Livor-no,</span> <span class='ocrx_word' id='word_1_557' title='bbox 3621 4352 3687 4405; x_wconf 88' lang='lat' dir='ltr'>iu</span> 
     </span>
     <span class='ocr_line' id='line_1_99' title="bbox 2380 4424 3381 4498; baseline -0.003 -15"><span class='ocrx_word' id='word_1_558' title='bbox 2380 4426 2648 4483; x_wconf 87' lang='lat' dir='ltr'>Etruria.</span> <span class='ocrx_word' id='word_1_559' title='bbox 2708 4425 2782 4481; x_wconf 87' lang='lat' dir='ltr'>ad</span> <span class='ocrx_word' id='word_1_560' title='bbox 2825 4424 2901 4498; x_wconf 90' lang='lat' dir='ltr'>Q.</span> <span class='ocrx_word' id='word_1_561' title='bbox 2945 4426 3049 4481; x_wconf 90' lang='lat' dir='ltr'>Fr.</span> <span class='ocrx_word' id='word_1_562' title='bbox 3094 4433 3164 4491; x_wconf 91' lang='grc'>2,</span> <span class='ocrx_word' id='word_1_563' title='bbox 3208 4432 3278 4489; x_wconf 90' lang='grc'>6,</span> <span class='ocrx_word' id='word_1_564' title='bbox 3324 4429 3381 4481; x_wconf 92' lang='grc'>2.</span> 
     </span>
    </p>
   </div>
   <div class='ocr_carea' id='block_1_30' title="bbox 2384 4517 3684 4662">
    <p class='ocr_par' dir='ltr' id='par_1_32' title="bbox 2384 4517 3684 4662">
     <span class='ocr_line' id='line_1_100' title="bbox 2455 4517 3684 4596; baseline -0.001 -21"><span class='ocrx_word' id='word_1_565' title='bbox 2455 4519 2785 4576; x_wconf 64' lang='lat' dir='ltr'>Lamnus</span> <span class='ocrx_word' id='word_1_566' title='bbox 2883 4517 3198 4576; x_wconf 85' lang='lat' dir='ltr'>cniusdam</span> <span class='ocrx_word' id='word_1_567' title='bbox 3271 4517 3684 4596; x_wconf 65' lang='grc' dir='ltr'><strong>ἀπόφθεγμα.</strong></span> 
     </span>
     <span class='ocr_line' id='line_1_101' title="bbox 2384 4595 3070 4662; baseline -0.003 -10"><span class='ocrx_word' id='word_1_568' title='bbox 2384 4595 2631 4652; x_wconf 87' lang='lat' dir='ltr'>Tuscul.</span> <span class='ocrx_word' id='word_1_569' title='bbox 2676 4604 2743 4662; x_wconf 89' lang='lat'><strong>1,</strong></span> <span class='ocrx_word' id='word_1_570' title='bbox 2789 4603 2895 4662; x_wconf 68' lang='grc'>42,</span> <span class='ocrx_word' id='word_1_571' title='bbox 2943 4603 3070 4653; x_wconf 89' lang='grc'><strong>102.</strong></span> 
     </span>
    </p>
   </div>
   <div class='ocr_carea' id='block_1_31' title="bbox 2380 4688 3696 4909">
    <p class='ocr_par' dir='ltr' id='par_1_33' title="bbox 2380 4688 3696 4909">
     <span class='ocr_line' id='line_1_102' title="bbox 2457 4688 3696 4764; baseline -0.002 -19"><span class='ocrx_word' id='word_1_572' title='bbox 2457 4690 2785 4746; x_wconf 54' lang='lat' dir='ltr'>Lacaenas:</span> <span class='ocrx_word' id='word_1_573' title='bbox 2840 4692 3107 4764; x_wconf 82' lang='lat' dir='ltr'>virgines</span> <span class='ocrx_word' id='word_1_574' title='bbox 3172 4688 3542 4746; x_wconf 85' lang='lat' dir='ltr'>delectantur</span> <span class='ocrx_word' id='word_1_575' title='bbox 3598 4688 3696 4743; x_wconf 84' lang='lat' dir='ltr'>la-</span> 
     </span>
     <span class='ocr_line' id='line_1_103' title="bbox 2380 4762 3687 4901; baseline -0.002 -78"><span class='ocrx_word' id='word_1_576' title='bbox 2380 4764 2642 4901; x_wconf 47' lang='lat' dir='ltr'>borioseis</span> <span class='ocrx_word' id='word_1_577' title='bbox 2698 4765 3253 4823; x_wconf 83' lang='lat' dir='ltr'>exercitationibus.</span> <span class='ocrx_word' id='word_1_578' title='bbox 3327 4762 3579 4820; x_wconf 84' lang='lat' dir='ltr'>Tuscul.</span> <span class='ocrx_word' id='word_1_579' title='bbox 3630 4773 3687 4832; x_wconf 80' lang='grc'>2,</span> 
     </span>
     <span class='ocr_line' id='line_1_104' title="bbox 2385 4846 2624 4909; baseline -0.013 -8"><span class='ocrx_word' id='word_1_580' title='bbox 2385 4848 2486 4909; x_wconf 88' lang='grc'>15,</span> <span class='ocrx_word' id='word_1_581' title='bbox 2530 4846 2566 4903; x_wconf 83' lang='grc'><strong>5</strong></span> <span class='ocrx_word' id='word_1_582' title='bbox 2611 4884 2624 4898; x_wconf 93' lang='grc'>.</span> 
     </span>
    </p>
   </div>
   <div class='ocr_carea' id='block_1_32' title="bbox 2379 4934 3695 5145">
    <p class='ocr_par' dir='ltr' id='par_1_34' title="bbox 2379 4934 3695 5145">
     <span class='ocr_line' id='line_1_105' title="bbox 2455 4934 3687 5002; baseline -0.003 -9"><span class='ocrx_word' id='word_1_583' title='bbox 2455 4936 2893 4994; x_wconf 65' lang='lat' dir='ltr'>Lactnstzuox.</span> <span class='ocrx_word' id='word_1_584' title='bbox 2982 4934 3106 5001; x_wconf 88' lang='lat' dir='ltr'>Ibi,</span> <span class='ocrx_word' id='word_1_585' title='bbox 3175 4945 3326 4991; x_wconf 86' lang='lat' dir='ltr'>teste</span> <span class='ocrx_word' id='word_1_586' title='bbox 3395 4935 3687 5002; x_wconf 79' lang='lat' dir='ltr'>Homero,</span> 
     </span>
     <span class='ocr_line' id='line_1_106' title="bbox 2379 5010 3695 5087; baseline -0.001 -19"><span class='ocrx_word' id='word_1_587' title='bbox 2379 5013 2600 5087; x_wconf 85' lang='lat' dir='ltr'>sepulti</span> <span class='ocrx_word' id='word_1_588' title='bbox 2642 5011 3053 5086; x_wconf 86' lang='lat' dir='ltr'>Tyndaridae.</span> <span class='ocrx_word' id='word_1_589' title='bbox 3109 5011 3181 5067; x_wconf 87' lang='lat' dir='ltr'>de</span> <span class='ocrx_word' id='word_1_590' title='bbox 3223 5011 3360 5068; x_wconf 87' lang='lat' dir='ltr'>Nat.</span> <span class='ocrx_word' id='word_1_591' title='bbox 3408 5010 3481 5067; x_wconf 87' lang='lat' dir='ltr'>D.</span> <span class='ocrx_word' id='word_1_592' title='bbox 3522 5012 3592 5077; x_wconf 77' lang='lat'><strong>5,</strong></span> <span class='ocrx_word' id='word_1_593' title='bbox 3640 5017 3695 5068; x_wconf 88' lang='grc'>5.</span> 
     </span>
     <span class='ocr_line' id='line_1_107' title="bbox 2385 5088 3693 5145; baseline -0.002 0"><span class='ocrx_word' id='word_1_594' title='bbox 2385 5098 2472 5145; x_wconf 86' lang='grc'>11.</span> <span class='ocrx_word' id='word_1_595' title='bbox 2528 5117 2600 5129; x_wconf 89' lang='grc'><strong>-</strong></span> <span class='ocrx_word' id='word_1_596' title='bbox 2650 5088 3068 5144; x_wconf 85' lang='lat' dir='ltr'>Lacedaemon</span> <span class='ocrx_word' id='word_1_597' title='bbox 3126 5089 3224 5145; x_wconf 87' lang='lat' dir='ltr'>illa</span> <span class='ocrx_word' id='word_1_598' title='bbox 3290 5105 3501 5143; x_wconf 80' lang='lat' dir='ltr'>severa</span> <span class='ocrx_word' id='word_1_599' title='bbox 3548 5103 3693 5142; x_wconf 86' lang='lat' dir='ltr'>ner-</span> 
     </span>
    </p>
   </div>
   <div class='ocr_carea' id='block_1_33' title="bbox 1010 5154 3689 5318">
    <p class='ocr_par' dir='ltr' id='par_1_35' title="bbox 1010 5154 3689 5318">
     <span class='ocr_line' id='line_1_108' title="bbox 1012 5154 3689 5240; baseline 0.002 -28"><span class='ocrx_word' id='word_1_600' title='bbox 1012 5154 1185 5212; x_wconf 83' lang='lat' dir='ltr'>Brut.</span> <span class='ocrx_word' id='word_1_601' title='bbox 1227 5166 1319 5224; x_wconf 88' lang='grc'>12,</span> <span class='ocrx_word' id='word_1_602' title='bbox 1366 5165 1460 5219; x_wconf 82' lang='grc'>51.</span> <span class='ocrx_word' id='word_1_603' title='bbox 1513 5161 1630 5218; x_wconf 90' lang='lat' dir='ltr'>Dio</span> <span class='ocrx_word' id='word_1_604' title='bbox 1671 5161 1840 5220; x_wconf 90' lang='lat' dir='ltr'>Cass.</span> <span class='ocrx_word' id='word_1_605' title='bbox 1883 5165 1979 5227; x_wconf 81' lang='lat'>47,</span> <span class='ocrx_word' id='word_1_606' title='bbox 2025 5164 2168 5230; x_wconf 70' lang='grc'><strong>49.),</strong></span> <span class='ocrx_word' id='word_1_607' title='bbox 2216 5168 2313 5240; x_wconf 74' lang='lat' dir='ltr'>qui</span> <span class='ocrx_word' id='word_1_608' title='bbox 2352 5182 2487 5219; x_wconf 51' lang='lat' dir='ltr'>¹vos</span> <span class='ocrx_word' id='word_1_609' title='bbox 2530 5165 2740 5229; x_wconf 81' lang='lat' dir='ltr'>iussit,</span> <span class='ocrx_word' id='word_1_610' title='bbox 2805 5181 2921 5240; x_wconf 87' lang='lat' dir='ltr'>quo</span> <span class='ocrx_word' id='word_1_611' title='bbox 2977 5164 3179 5236; x_wconf 87' lang='lat' dir='ltr'>plures</span> <span class='ocrx_word' id='word_1_612' title='bbox 3239 5180 3417 5237; x_wconf 84' lang='lat' dir='ltr'>quam</span> <span class='ocrx_word' id='word_1_613' title='bbox 3457 5171 3689 5237; x_wconf 85' lang='lat' dir='ltr'>septem</span> 
     </span>
     <span class='ocr_line' id='line_1_109' title="bbox 1010 5235 3682 5318; baseline 0.003 -33"><span class='ocrx_word' id='word_1_614' title='bbox 1010 5241 1153 5309; x_wconf 82' lang='lat' dir='ltr'>post</span> <span class='ocrx_word' id='word_1_615' title='bbox 1177 5250 1441 5311; x_wconf 81' lang='lat' dir='ltr'>pugnam</span> <span class='ocrx_word' id='word_1_616' title='bbox 1466 5236 1764 5313; x_wconf 82' lang='lat' dir='ltr'>Philippis</span> <span class='ocrx_word' id='word_1_617' title='bbox 1804 5239 2184 5297; x_wconf 86' lang='lat' dir='ltr'>commissam</span> <span class='ocrx_word' id='word_1_618' title='bbox 2209 5260 2317 5318; x_wconf 70' lang='lat' dir='ltr'>ge·</span> <span class='ocrx_word' id='word_1_619' title='bbox 2373 5237 2655 5310; x_wconf 84' lang='lat' dir='ltr'>haberet,</span> <span class='ocrx_word' id='word_1_620' title='bbox 2724 5241 2790 5296; x_wconf 88' lang='lat' dir='ltr'>iu</span> <span class='ocrx_word' id='word_1_621' title='bbox 2848 5238 3150 5297; x_wconf 84' lang='lat' dir='ltr'>Timothei</span> <span class='ocrx_word' id='word_1_622' title='bbox 3220 5235 3442 5297; x_wconf 79' lang='lat' dir='ltr'>iidihus</span> <span class='ocrx_word' id='word_1_623' title='bbox 3499 5237 3682 5305; x_wconf 82' lang='lat' dir='ltr'>demi,</span> 
     </span>
    </p>
   </div>
  </div>
 </body>
</html>
